LocalTime,LastPrice,TradeVolume,TradeValue,BidPrice1,BidPrice2,BidPrice3,BidPrice4,BidPrice5,BidPrice6,BidPrice7,BidPrice8,BidPrice9,BidPriceA,AskPrice1,AskPrice2,AskPrice3,AskPrice4,AskPrice5,AskPrice6,AskPrice7,AskPrice8,AskPrice9,AskPriceA,BidVolume1,BidVolume2,BidVolume3,BidVolume4,BidVolume5,BidVolume6,BidVolume7,BidVolume8,BidVolume9,BidVolumeA,AskVolume1,AskVolume2,AskVolume3,AskVolume4,AskVolume5,AskVolume6,AskVolume7,AskVolume8,AskVolume9,AskVolumeA
0.0,8.83,100,883.0,8.9,8.83,8.82,8.81,8.8,8.77,8.75,8.73,8.71,8.7,8.98,9.02,9.05,9.09,9.1,9.14,9.15,9.17,9.18,9.2,2800,2000,13300,3900,3700,1100,2900,1600,1000,600,400,200,500,2700,2200,100,600,1000,900,900
1.0,8.83,100,883.0,8.9,8.83,8.82,8.81,8.8,8.77,8.75,8.73,8.71,8.7,8.93,8.98,9.02,9.05,9.09,9.1,9.14,9.15,9.17,9.18,2800,2300,13300,3900,3700,1100,2900,1600,1000,600,100,400,200,500,2700,2200,100,600,1000,900
2.0,8.83,100,883.0,8.91,8.9,8.83,8.82,8.81,8.8,8.77,8.75,8.73,8.71,8.93,8.97,8.98,9.02,9.05,9.06,9.09,9.1,9.11,9.14,3200,2800,2400,13300,3900,3700,1100,2900,1600,1000,100,1500,400,200,500,300,2700,2200,5100,100
3.0,8.83,100,883.0,8.91,8.9,8.83,8.82,8.81,8.8,8.77,8.75,8.73,8.71,8.93,8.97,8.98,9.02,9.05,9.06,9.09,9.1,9.11,9.14,3200,2800,2500,14300,3900,5700,1100,2900,1600,1000,100,1500,400,200,500,300,2700,2300,5100,100
4.0,8.83,100,883.0,8.91,8.9,8.83,8.82,8.81,8.8,8.77,8.75,8.73,8.71,8.93,8.97,8.98,9.02,9.05,9.06,9.09,9.1,9.11,9.14,3500,2800,11000,14300,5900,5700,1100,2900,1600,1000,100,1500,400,200,600,300,2700,2300,5100,100
5.0,8.91,1600,14248.0,8.91,8.9,8.83,8.82,8.81,8.8,8.77,8.75,8.73,8.71,8.93,8.97,8.98,9.02,9.05,9.06,9.08,9.09,9.1,9.11,2000,2800,11800,14300,5900,9700,1100,2900,1600,1000,100,1500,400,200,600,300,1000,2700,2300,5100
6.0,8.93,1700,15141.0,8.93,8.91,8.9,8.83,8.82,8.81,8.8,8.77,8.75,8.73,8.97,8.98,9.02,9.05,9.06,9.08,9.09,9.1,9.11,9.12,900,2000,2800,11800,14300,5900,9700,1100,2900,1600,1500,400,200,600,300,1000,2700,2300,5100,1000
7.0,8.93,1700,15141.0,8.93,8.91,8.9,8.83,8.82,8.81,8.8,8.77,8.75,8.73,8.97,8.98,9.02,9.05,9.06,9.08,9.09,9.1,9.11,9.12,900,2200,2800,34900,14300,6500,9700,1100,2900,1600,1500,400,200,600,300,1000,2700,2300,5100,1000
8.0,8.93,1800,16034.0,8.93,8.91,8.9,8.83,8.82,8.81,8.8,8.77,8.76,8.75,8.97,8.98,9.02,9.05,9.06,9.08,9.09,9.1,9.11,9.12,800,500,2800,37900,14300,6500,9700,1100,4000,2900,1500,400,200,600,300,1000,2700,3300,5100,1000
9.0,8.93,1900,16927.0,8.93,8.91,8.9,8.83,8.82,8.81,8.8,8.77,8.76,8.75,8.97,8.98,9.02,9.05,9.06,9.08,9.09,9.1,9.11,9.12,800,500,2900,37900,14300,6500,9700,1300,4000,2900,1500,400,200,600,300,1000,2700,3300,5100,1000
10.0,8.93,2700,24071.0,8.91,8.9,8.83,8.82,8.81,8.8,8.77,8.76,8.75,8.73,8.93,8.96,8.97,8.98,9.02,9.05,9.06,9.08,9.09,9.1,500,2900,37900,14300,6500,11500,1300,4000,2900,1600,3100,100,1500,400,200,1600,300,1000,3700,4300
11.0,8.93,2700,24071.0,8.91,8.9,8.83,8.82,8.81,8.8,8.77,8.76,8.75,8.73,8.92,8.93,8.96,8.97,8.98,9.02,9.05,9.06,9.08,9.09,600,2900,37900,14300,6500,11700,1300,4000,2900,1600,400,3400,300,1500,400,200,1600,300,1000,3700
12.0,8.91,3000,26744.0,8.91,8.9,8.84,8.83,8.82,8.81,8.8,8.77,8.76,8.75,8.92,8.93,8.96,8.97,8.98,9.02,9.05,9.06,9.08,9.09,300,2900,2000,38700,14300,6500,11700,1300,4000,2900,400,3500,300,1500,400,200,1600,300,1000,3700
13.0,8.92,6200,55272.0,8.92,8.9,8.84,8.83,8.82,8.81,8.8,8.77,8.76,8.75,8.93,8.96,8.97,8.98,9.02,9.05,9.06,9.08,9.09,9.1,8800,2400,2000,38700,14300,6500,12700,1300,4000,2900,3500,300,1500,12400,200,1600,300,1000,3700,4300
14.0,8.92,15000,133768.0,8.91,8.9,8.84,8.83,8.82,8.81,8.8,8.77,8.76,8.75,8.92,8.93,8.96,8.97,8.98,9.02,9.05,9.06,9.08,9.09,200,2400,2000,38700,14300,6500,12700,1300,4000,2900,12000,1200,300,1500,12400,200,1600,300,1000,3700
15.0,8.92,16500,147138.0,8.9,8.84,8.83,8.82,8.81,8.8,8.77,8.76,8.75,8.73,8.92,8.93,8.96,8.97,8.98,9.02,9.05,9.06,9.08,9.09,2000,2000,38700,14300,6500,12700,1300,4000,2900,1600,11100,1200,300,1500,12400,200,1600,300,1000,3700
16.0,8.9,16800,149808.0,8.9,8.84,8.83,8.82,8.81,8.8,8.77,8.76,8.75,8.73,8.92,8.93,8.96,8.97,8.98,9.02,9.05,9.06,9.08,9.09,1700,2000,38700,14300,6500,12700,1300,4000,2900,1600,11100,1200,300,1500,12400,200,1600,300,1000,3700
17.0,8.9,18500,164938.0,8.85,8.84,8.83,8.82,8.81,8.8,8.77,8.76,8.75,8.73,8.9,8.92,8.93,8.96,8.97,8.98,9.02,9.05,9.06,9.08,1500,2000,38700,14300,6500,12700,1300,4000,2900,1600,1400,9200,1200,300,1500,12400,200,1600,300,1000
18.0,8.9,18700,166718.0,8.89,8.85,8.84,8.83,8.82,8.81,8.8,8.77,8.76,8.75,8.9,8.92,8.93,8.96,8.97,8.98,9.02,9.05,9.06,9.08,100,2200,2000,38700,14300,6500,12700,1300,4000,2900,1200,9200,1200,300,1500,12400,200,1600,300,1000
19.0,8.9,18700,166718.0,8.89,8.85,8.84,8.83,8.82,8.81,8.8,8.77,8.76,8.75,8.9,8.92,8.93,8.96,8.97,8.98,9.02,9.05,9.06,9.08,100,2200,2000,38700,14300,6500,12700,1300,4000,2900,1200,9200,1200,300,1500,12400,200,1600,300,1000
20.0,8.93,29700,264820.0,8.89,8.85,8.84,8.83,8.82,8.81,8.8,8.77,8.76,8.75,8.93,8.96,8.97,8.98,9.02,9.05,9.06,9.08,9.09,9.1,100,2200,23600,38700,14300,6500,12700,1300,4000,2900,600,300,1500,12400,600,1600,300,1000,3700,4300
21.0,8.93,29700,264820.0,8.9,8.89,8.85,8.84,8.83,8.82,8.81,8.8,8.77,8.76,8.93,8.96,8.97,8.98,9.02,9.05,9.06,9.08,9.09,9.1,100,100,2200,23600,38700,14300,6500,12700,1300,4000,700,300,1500,12400,600,1600,300,1000,3700,4300
22.0,8.9,30300,270161.0,8.9,8.89,8.85,8.84,8.83,8.82,8.81,8.8,8.77,8.76,8.93,8.96,8.97,8.98,9.02,9.05,9.06,9.08,9.09,9.1,100,100,2200,23600,38700,14300,6500,12700,1300,4000,500,300,1500,12400,600,1600,300,1000,3700,4300
23.0,8.93,30800,274626.0,8.93,8.89,8.85,8.84,8.83,8.82,8.81,8.8,8.77,8.76,8.95,8.97,8.98,9.02,9.05,9.06,9.08,9.09,9.1,9.11,100,100,2200,23600,38700,14300,6500,12700,1300,4000,1800,1500,12400,600,1600,300,1000,3700,4300,5100
24.0,8.93,30800,274626.0,8.93,8.89,8.85,8.84,8.83,8.82,8.81,8.8,8.77,8.76,8.95,8.97,8.98,9.02,9.05,9.06,9.08,9.09,9.1,9.11,100,100,2200,23600,38700,14300,6500,12700,1300,4000,1800,1500,12400,600,1600,300,1000,3700,4300,5100
25.0,8.93,30800,274626.0,8.93,8.89,8.85,8.84,8.83,8.82,8.81,8.8,8.77,8.76,8.95,8.97,8.98,9.02,9.05,9.06,9.08,9.09,9.1,9.11,100,100,2200,23600,38700,14300,6500,12700,1300,4000,1800,1500,12400,600,1600,300,1000,3700,4300,5100
26.0,8.93,30900,275519.0,8.89,8.85,8.84,8.83,8.82,8.81,8.8,8.77,8.76,8.75,8.93,8.95,8.97,8.98,9.02,9.05,9.06,9.08,9.09,9.1,100,2200,23600,38700,14300,6500,12700,1300,4000,2900,2100,1800,1500,12400,600,1600,300,1000,3700,4300
27.0,8.93,30900,275519.0,8.89,8.85,8.84,8.83,8.82,8.81,8.8,8.77,8.76,8.75,8.93,8.95,8.97,8.98,9.02,9.05,9.06,9.08,9.09,9.1,100,2200,23600,38700,14300,6500,12700,1300,4000,2900,2100,1800,1500,12400,600,1600,300,1000,3700,4300
28.0,8.93,30900,275519.0,8.89,8.85,8.84,8.83,8.82,8.81,8.8,8.77,8.76,8.75,8.93,8.95,8.97,8.98,9.02,9.05,9.06,9.08,9.09,9.1,100,2200,23600,38700,14300,6500,12700,1300,4000,2900,2100,1800,1500,12400,600,1600,300,1000,3700,4300
29.0,8.93,30900,275519.0,8.89,8.85,8.84,8.83,8.82,8.81,8.8,8.77,8.76,8.75,8.93,8.95,8.97,8.98,9.02,9.05,9.06,9.08,9.09,9.1,100,2200,23600,38700,14300,6500,12700,1300,4000,2900,2100,1800,1500,12400,600,1600,300,1000,3700,4300
30.0,8.93,30900,275519.0,8.89,8.85,8.84,8.83,8.82,8.81,8.8,8.77,8.76,8.75,8.93,8.95,8.97,8.98,9.02,9.05,9.06,9.08,9.09,9.1,100,2200,23600,38700,14300,6500,12700,1300,4000,2900,2000,1800,1500,12400,600,1600,300,1000,3700,4300
31.0,8.93,30900,275519.0,8.89,8.85,8.84,8.83,8.82,8.81,8.8,8.77,8.76,8.75,8.93,8.95,8.97,8.98,9.02,9.05,9.06,9.08,9.09,9.1,100,2200,23600,38700,14300,6500,12700,1300,4000,2900,2000,1800,1500,12400,600,1600,300,1000,3700,4300
32.0,8.93,31500,280877.0,8.89,8.85,8.84,8.83,8.82,8.81,8.8,8.77,8.76,8.75,8.93,8.95,8.97,8.98,9.02,9.05,9.06,9.08,9.09,9.1,100,2200,23600,38700,14300,6500,12700,1300,4000,2900,1400,1800,1500,12400,600,1600,300,1000,3700,4300
33.0,8.93,31500,280877.0,8.89,8.85,8.84,8.83,8.82,8.81,8.8,8.77,8.76,8.75,8.93,8.95,8.97,8.98,9.02,9.05,9.06,9.08,9.09,9.1,100,2200,23600,38700,14300,6500,12700,1300,4000,2900,1400,1800,1500,12400,600,1600,300,1000,3700,4300
34.0,8.93,31500,280877.0,8.89,8.85,8.84,8.83,8.82,8.81,8.8,8.77,8.76,8.75,8.93,8.95,8.97,8.98,9.02,9.05,9.06,9.08,9.09,9.1,100,2200,23600,38700,14300,6500,12700,1300,4000,2900,1400,1800,1500,12400,600,1600,300,1000,3700,4300
35.0,8.93,31500,280877.0,8.89,8.85,8.84,8.83,8.82,8.81,8.8,8.77,8.76,8.75,8.93,8.95,8.97,8.98,9.02,9.05,9.06,9.08,9.09,9.1,100,2200,23600,38700,14300,6500,12700,1300,4000,2900,1400,1800,1500,12400,600,1600,300,1000,3700,4300
36.0,8.93,31500,280877.0,8.89,8.85,8.84,8.83,8.82,8.81,8.8,8.77,8.76,8.75,8.93,8.95,8.97,8.98,9.02,9.05,9.06,9.08,9.09,9.1,100,2200,23600,38700,14300,6500,12700,1300,4000,2900,1400,1800,1500,12400,600,1600,300,1000,3700,4300
37.0,8.93,31500,280877.0,8.89,8.85,8.84,8.83,8.82,8.81,8.8,8.77,8.76,8.75,8.9,8.93,8.95,8.97,8.98,9.02,9.05,9.06,9.08,9.09,100,2200,23600,38700,14300,6500,12700,1300,4000,2900,100,1400,1800,1500,12400,600,1600,300,1000,3700
38.0,8.9,31700,282656.0,8.9,8.87,8.86,8.85,8.84,8.83,8.82,8.81,8.8,8.77,8.93,8.95,8.97,8.98,9.02,9.05,9.06,9.08,9.09,9.1,100,1800,800,1800,23600,38700,14300,6500,12700,1300,100,1800,1500,12400,600,1600,300,1000,3700,4300
39.0,8.94,33200,296065.0,8.88,8.87,8.85,8.84,8.83,8.82,8.81,8.8,8.77,8.76,8.93,8.94,8.95,8.97,8.98,9.02,9.05,9.06,9.08,9.09,400,1800,1100,23600,38700,14300,6500,12700,1300,4000,100,1200,1800,1500,12400,600,1600,300,1000,3700
40.0,8.94,33200,296065.0,8.88,8.87,8.85,8.84,8.83,8.82,8.81,8.8,8.77,8.76,8.93,8.94,8.95,8.97,8.98,9.02,9.05,9.06,9.08,9.09,400,1800,1100,23600,38700,14300,6500,12700,1300,4000,100,1200,1800,1500,12400,600,1600,300,1000,3700
41.0,8.94,33200,296065.0,8.88,8.87,8.85,8.84,8.83,8.82,8.81,8.8,8.77,8.76,8.93,8.94,8.95,8.97,8.98,9.02,9.05,9.06,9.08,9.09,400,1800,1100,23600,38700,14300,6500,12700,1300,4000,100,1200,1800,1500,12400,600,1600,300,1000,3700
42.0,8.94,33200,296065.0,8.88,8.87,8.85,8.84,8.83,8.82,8.81,8.8,8.77,8.76,8.93,8.94,8.95,8.97,8.98,9.02,9.05,9.06,9.08,9.09,400,1800,1100,23600,38700,14300,6500,12700,1300,4000,100,1200,1800,1500,12400,600,1600,300,1000,3700
43.0,8.94,33200,296065.0,8.88,8.87,8.85,8.84,8.83,8.82,8.81,8.8,8.77,8.76,8.94,8.95,8.97,8.98,9.02,9.05,9.06,9.08,9.09,9.1,400,1800,1100,23600,38700,14300,6500,12700,1300,4000,1200,1800,1500,12400,600,1600,300,1000,3700,4300
44.0,8.94,33200,296065.0,8.88,8.87,8.85,8.84,8.83,8.82,8.81,8.8,8.77,8.76,8.94,8.95,8.97,8.98,9.02,9.05,9.06,9.08,9.09,9.1,400,1800,1100,23600,38700,14300,6500,12700,1300,4000,1200,1800,1500,12400,600,1600,300,1000,3700,4300
45.0,8.94,33200,296065.0,8.88,8.87,8.85,8.84,8.83,8.82,8.81,8.8,8.77,8.76,8.94,8.95,8.97,8.98,9.02,9.05,9.06,9.08,9.09,9.1,400,1800,1100,23600,38700,14300,6500,12700,1300,4000,1200,1800,1500,12400,600,1600,300,1000,3700,4300
46.0,8.94,33400,297853.0,8.89,8.88,8.87,8.85,8.84,8.83,8.82,8.81,8.8,8.77,8.94,8.95,8.97,8.98,9.02,9.05,9.06,9.08,9.09,9.1,600,1100,1800,1100,23600,35700,14300,6500,12700,1300,1000,1800,1500,12400,600,1600,300,1000,3700,4300
47.0,8.94,34300,305857.0,8.91,8.88,8.87,8.85,8.84,8.83,8.82,8.81,8.8,8.77,8.94,8.95,8.97,8.98,9.02,9.05,9.06,9.08,9.09,9.1,200,1300,1800,1100,23600,35700,14300,6500,12700,1300,900,1800,1500,12400,600,1600,300,1000,3700,4300
48.0,8.94,34300,305857.0,8.91,8.88,8.87,8.85,8.84,8.83,8.82,8.81,8.8,8.77,8.94,8.95,8.97,8.98,9.02,9.05,9.06,9.08,9.09,9.1,200,1400,1800,1100,23600,35700,14300,6500,12700,1300,900,1800,1500,12400,600,1600,300,1000,3700,4300
49.0,8.94,34300,305857.0,8.91,8.88,8.87,8.85,8.84,8.83,8.82,8.81,8.8,8.77,8.94,8.95,8.97,8.98,9.02,9.05,9.06,9.08,9.09,9.1,200,1400,1800,1100,23600,35700,14300,6500,12700,1300,900,1800,1500,12400,600,1600,300,1000,3700,4300
50.0,8.94,34300,305857.0,8.91,8.88,8.87,8.85,8.84,8.83,8.82,8.81,8.8,8.77,8.94,8.95,8.97,8.98,9.02,9.05,9.06,9.08,9.09,9.1,200,1400,1800,1100,23600,35700,14300,6500,12700,1300,900,1800,1500,12400,600,1600,300,1000,3700,4300
51.0,8.94,34300,305857.0,8.91,8.9,8.88,8.87,8.85,8.84,8.83,8.82,8.81,8.8,8.95,8.97,8.98,9.02,9.05,9.06,9.08,9.09,9.1,9.11,200,1000,1400,1800,1100,23600,35700,14300,6500,12700,1800,1500,12400,600,1600,300,1000,3700,4300,5100
52.0,8.94,34300,305857.0,8.91,8.9,8.88,8.87,8.85,8.84,8.83,8.82,8.81,8.8,8.95,8.97,8.98,9.02,9.05,9.06,9.08,9.09,9.1,9.11,300,1000,1400,1800,1100,23600,35700,14300,6500,12700,1800,1500,12400,600,1600,300,1000,3700,4300,5100
53.0,8.94,34300,305857.0,8.91,8.9,8.88,8.87,8.85,8.84,8.83,8.82,8.81,8.8,8.95,8.97,8.98,9.02,9.05,9.06,9.08,9.09,9.1,9.11,300,1000,1400,1800,1100,23600,35700,14300,6500,12700,1800,1500,12400,600,1600,300,1000,3700,4300,5100
54.0,8.95,34400,306752.0,8.91,8.9,8.88,8.87,8.85,8.84,8.83,8.82,8.81,8.8,8.95,8.97,8.98,9.02,9.05,9.06,9.08,9.09,9.1,9.11,300,1000,1400,1800,1100,23600,35700,14300,6500,12700,1700,1500,12400,600,1600,300,1000,3700,4300,5100
55.0,8.95,34400,306752.0,8.91,8.9,8.88,8.87,8.85,8.84,8.83,8.82,8.81,8.8,8.95,8.97,8.98,9.02,9.05,9.06,9.08,9.09,9.1,9.11,300,1000,1400,1800,1100,23600,35700,14300,6500,12700,1700,1500,12400,600,1600,300,1000,3700,4300,5100
56.0,8.95,34400,306752.0,8.91,8.9,8.88,8.87,8.85,8.84,8.83,8.82,8.81,8.8,8.95,8.97,8.98,9.02,9.05,9.06,9.08,9.09,9.1,9.11,300,1000,1400,1800,1100,23600,35700,14300,6500,12700,1700,1500,12400,600,1600,300,1000,3700,4300,5100
57.0,8.95,34400,306752.0,8.91,8.9,8.88,8.87,8.85,8.84,8.83,8.82,8.81,8.8,8.95,8.97,8.98,9.02,9.05,9.06,9.08,9.09,9.1,9.11,300,1000,1400,1800,1100,23600,35700,14300,6500,12700,1700,1500,12400,600,1600,300,1000,3700,4300,5100
58.0,8.95,34400,306752.0,8.91,8.9,8.88,8.87,8.85,8.84,8.83,8.82,8.81,8.8,8.95,8.97,8.98,9.02,9.05,9.06,9.08,9.09,9.1,9.11,300,1000,1400,1800,1100,23600,35700,14300,6500,12700,1700,1500,12400,600,1600,300,1000,3700,4300,5100
59.0,8.95,34400,306752.0,8.91,8.9,8.88,8.87,8.85,8.84,8.83,8.82,8.81,8.8,8.95,8.97,8.98,9.02,9.05,9.06,9.08,9.09,9.1,9.11,300,1000,1400,1800,1100,23600,35700,14300,6500,12700,1700,1500,12400,600,1600,300,1000,3700,4300,5100
60.0,8.95,34400,306752.0,8.91,8.9,8.88,8.87,8.85,8.84,8.83,8.82,8.81,8.8,8.94,8.95,8.97,8.98,9.02,9.05,9.06,9.08,9.09,9.1,300,1000,1400,1800,1100,23600,35700,14300,6500,12700,4300,1700,1500,12400,600,1600,300,1000,3700,4300
61.0,8.94,34800,310328.0,8.91,8.9,8.88,8.87,8.85,8.84,8.83,8.82,8.81,8.8,8.94,8.95,8.97,8.98,9.02,9.05,9.06,9.08,9.09,9.1,300,1000,1400,1800,1100,23600,35700,14300,6500,12700,3900,1700,1500,12400,600,1600,300,1000,3700,4300
62.0,8.91,35100,313001.0,8.9,8.88,8.87,8.85,8.84,8.83,8.82,8.81,8.8,8.77,8.94,8.95,8.97,8.98,9.02,9.05,9.06,9.08,9.09,9.1,1000,1400,1800,1100,23600,35700,14300,6500,12700,1300,3900,1700,1500,12400,600,1600,300,1000,3700,4300
63.0,8.91,35100,313001.0,8.9,8.88,8.87,8.85,8.84,8.83,8.82,8.81,8.8,8.77,8.94,8.95,8.97,8.98,9.02,9.05,9.06,9.08,9.09,9.1,1000,1400,1800,1100,23600,35700,14300,6500,12700,1300,3900,1700,1500,12400,600,1600,300,1000,3700,4300
64.0,8.91,35100,313001.0,8.9,8.88,8.87,8.85,8.84,8.83,8.82,8.81,8.8,8.77,8.94,8.95,8.97,8.98,9.02,9.05,9.06,9.08,9.09,9.1,1000,1400,1800,1100,23600,35700,14300,6500,12700,1300,3900,1700,1500,12400,600,1600,300,1000,3700,4300
65.0,8.91,35100,313001.0,8.9,8.88,8.87,8.85,8.84,8.83,8.82,8.81,8.8,8.77,8.94,8.95,8.97,8.98,9.02,9.05,9.06,9.08,9.09,9.1,4300,1400,5100,1100,23600,35700,14300,6500,12700,1300,3900,1700,1500,12400,600,1600,300,1000,3700,4300
66.0,8.9,35900,320121.0,8.9,8.88,8.87,8.85,8.84,8.83,8.82,8.81,8.8,8.77,8.94,8.95,8.97,8.98,9.02,9.05,9.06,9.08,9.09,9.1,3500,1400,5100,1100,23600,35700,14300,6500,12700,1300,3900,1700,1500,12400,600,1600,300,1000,3700,4300
67.0,8.9,35900,320121.0,8.92,8.91,8.9,8.88,8.87,8.85,8.84,8.83,8.82,8.81,8.94,8.95,8.97,8.98,9.02,9.05,9.06,9.08,9.09,9.1,900,4300,3500,700,5100,1100,23600,35700,14300,6500,3900,1700,1500,12400,600,1600,300,1000,3700,4300
68.0,8.94,36200,322803.0,8.92,8.91,8.9,8.88,8.87,8.85,8.84,8.83,8.82,8.81,8.94,8.95,8.97,8.98,9.02,9.05,9.06,9.08,9.09,9.1,1600,4300,3500,700,5100,1100,23600,35700,14300,6500,3600,1700,1500,12400,600,1600,300,1000,3700,4300
69.0,8.94,36500,325485.0,8.92,8.91,8.9,8.88,8.87,8.85,8.84,8.83,8.82,8.81,8.94,8.95,8.97,8.98,9.02,9.05,9.06,9.08,9.09,9.1,1600,4300,3500,700,5100,1100,23600,35700,14300,6500,3300,1700,1500,12400,600,1600,300,1000,3700,4300
70.0,8.94,36500,325485.0,8.93,8.92,8.9,8.88,8.87,8.85,8.84,8.83,8.82,8.81,8.94,8.95,8.97,8.98,9.02,9.05,9.06,9.08,9.09,9.1,4300,1600,3500,700,5100,1100,23600,35700,14300,6500,3300,1700,1500,12400,600,1600,300,1000,3700,4300
71.0,8.94,36500,325485.0,8.93,8.92,8.9,8.88,8.87,8.85,8.84,8.83,8.82,8.81,8.94,8.95,8.97,8.98,9.02,9.05,9.06,9.08,9.09,9.1,4300,1600,3500,700,5100,1100,23600,35700,14300,6500,3300,1700,1500,12400,600,1600,300,1000,3700,4300
72.0,8.94,36800,328167.0,8.93,8.92,8.9,8.88,8.87,8.85,8.84,8.83,8.82,8.81,8.94,8.95,8.97,8.98,9.02,9.05,9.06,9.08,9.09,9.1,4300,1600,3500,700,5100,1100,23600,35700,14300,6500,3000,1700,1500,12400,600,1600,300,1000,3700,4300
73.0,8.94,36800,328167.0,8.93,8.92,8.9,8.88,8.87,8.85,8.84,8.83,8.82,8.81,8.94,8.95,8.97,8.98,9.02,9.05,9.06,9.08,9.09,9.1,5000,900,3500,700,5100,1100,23600,35700,14300,6500,3000,1700,1500,12400,600,1600,300,1000,3700,4300
74.0,8.94,36800,328167.0,8.93,8.92,8.9,8.88,8.87,8.85,8.84,8.83,8.82,8.81,8.94,8.95,8.97,8.98,9.02,9.05,9.06,9.08,9.09,9.1,5000,900,3500,700,5100,1100,23600,35700,14300,6500,3000,1700,1500,12400,600,1600,300,1000,3700,4300
75.0,8.94,37100,330849.0,8.93,8.92,8.9,8.88,8.87,8.85,8.84,8.83,8.82,8.81,8.94,8.95,8.97,8.98,9.02,9.05,9.06,9.08,9.09,9.1,5000,900,3500,700,5100,1100,23600,35700,14300,6500,2700,1700,1500,12400,600,1600,300,1000,3700,4300
76.0,8.94,37100,330849.0,8.93,8.92,8.9,8.88,8.87,8.85,8.84,8.83,8.82,8.81,8.94,8.95,8.97,8.98,9.02,9.05,9.06,9.08,9.09,9.1,5000,900,3500,700,1800,1100,23600,35700,14300,6500,2700,1700,1500,12400,600,1600,300,1000,3700,4300
77.0,8.93,38100,339779.0,8.93,8.92,8.9,8.88,8.87,8.85,8.84,8.83,8.82,8.81,8.94,8.95,8.97,8.98,9.02,9.05,9.06,9.08,9.09,9.1,4000,900,3500,700,1800,1100,23600,35700,14300,6500,2700,1700,1500,12400,600,1600,300,1000,3700,4300
78.0,8.93,38100,339779.0,8.93,8.92,8.9,8.88,8.87,8.85,8.84,8.83,8.82,8.81,8.94,8.95,8.97,8.98,9.02,9.05,9.06,9.08,9.09,9.1,4000,900,3500,700,1800,1100,23600,35700,14300,6500,2700,1700,1500,12400,600,1600,300,1000,3700,4300
79.0,8.93,38500,343351.0,8.93,8.92,8.9,8.88,8.87,8.85,8.84,8.83,8.82,8.81,8.94,8.95,8.97,8.98,9.02,9.05,9.06,9.08,9.09,9.1,3600,900,3500,700,1800,1100,23600,35700,14300,6500,2700,1700,1500,12400,600,1600,300,1000,3700,4300
80.0,8.93,38500,343351.0,8.93,8.92,8.9,8.88,8.87,8.85,8.84,8.83,8.82,8.81,8.94,8.95,8.97,8.98,9.02,9.05,9.06,9.08,9.09,9.1,3600,900,3500,700,1800,1100,23600,35700,14300,6500,2700,1700,1500,12400,600,1600,300,1000,3700,4300
81.0,8.93,38900,346923.0,8.93,8.92,8.9,8.88,8.87,8.85,8.84,8.83,8.82,8.81,8.94,8.95,8.97,8.98,9.02,9.05,9.06,9.08,9.09,9.1,300,900,200,700,1800,1100,23600,35700,14300,6500,3300,1700,1500,12400,600,1600,300,1000,3700,4300
82.0,8.93,39100,348709.0,8.93,8.92,8.9,8.88,8.87,8.85,8.84,8.83,8.82,8.81,8.94,8.95,8.97,8.98,9.02,9.05,9.06,9.08,9.09,9.1,100,900,200,700,1800,1100,23600,35700,14300,6500,3300,1700,1500,12400,600,1600,300,1000,3700,4300
83.0,8.92,40400,360312.0,8.9,8.88,8.87,8.85,8.84,8.83,8.82,8.81,8.8,8.77,8.92,8.93,8.94,8.95,8.97,8.98,9.02,9.05,9.06,9.08,200,700,1800,1100,23600,35700,14300,6500,11700,1300,300,1400,3000,1700,1500,12400,600,1600,300,1000
84.0,8.92,40400,360312.0,8.9,8.88,8.87,8.85,8.84,8.83,8.82,8.81,8.8,8.77,8.92,8.93,8.94,8.95,8.97,8.98,9.02,9.05,9.06,9.08,200,700,1800,1100,23600,35700,14300,6500,11700,1300,300,1600,3000,1700,1500,12400,600,1600,300,1000
85.0,8.92,40400,360312.0,8.9,8.88,8.87,8.85,8.84,8.83,8.82,8.81,8.8,8.77,8.92,8.93,8.94,8.95,8.97,8.98,9.02,9.05,9.06,9.08,200,700,1800,1100,23600,35700,14300,6500,11700,1300,300,1600,3000,1700,1500,12400,600,1600,300,1000
86.0,8.92,40400,360312.0,8.9,8.88,8.87,8.85,8.84,8.83,8.82,8.81,8.8,8.77,8.92,8.93,8.94,8.95,8.97,8.98,9.02,9.05,9.06,9.08,200,700,1800,1100,23600,35700,14300,6500,11700,1300,300,300,3000,1700,1500,12400,600,1600,300,1000
87.0,8.92,40400,360312.0,8.9,8.88,8.87,8.85,8.84,8.83,8.82,8.81,8.8,8.77,8.92,8.93,8.94,8.95,8.97,8.98,9.02,9.05,9.06,9.08,200,700,1800,1100,23600,35700,14300,6500,11700,1300,400,300,3000,1700,1500,12400,600,1600,300,1000
88.0,8.92,40400,360312.0,8.9,8.88,8.87,8.85,8.84,8.83,8.82,8.81,8.8,8.77,8.92,8.93,8.94,8.95,8.97,8.98,9.02,9.05,9.06,9.08,200,700,1800,1100,23600,35700,14300,6500,11700,1300,400,300,3000,1700,1500,12400,600,1600,300,1000
89.0,8.92,40400,360312.0,8.91,8.9,8.88,8.87,8.85,8.84,8.83,8.82,8.81,8.8,8.92,8.93,8.94,8.95,8.97,8.98,9.02,9.05,9.06,9.08,4300,200,700,1800,1100,23600,35700,14300,6500,11700,400,300,3000,1700,1500,12400,600,1600,300,1000
90.0,8.92,40400,360312.0,8.91,8.9,8.88,8.87,8.85,8.84,8.83,8.82,8.81,8.8,8.92,8.93,8.94,8.95,8.97,8.98,9.02,9.05,9.06,9.08,4300,200,700,1800,1100,23600,35700,14300,6500,11700,400,300,3000,1700,1500,12400,600,1600,300,1000
91.0,8.92,40400,360312.0,8.91,8.9,8.88,8.87,8.85,8.84,8.83,8.82,8.81,8.8,8.92,8.93,8.94,8.95,8.97,8.98,9.02,9.05,9.06,9.08,4300,200,700,1800,1100,23600,35700,14300,6500,11700,400,300,3000,1700,1500,12400,600,1600,300,1000
92.0,8.91,40800,363876.0,8.91,8.9,8.88,8.87,8.85,8.84,8.83,8.82,8.81,8.8,8.92,8.93,8.94,8.95,8.97,8.98,9.02,9.05,9.06,9.08,3900,200,700,1800,1100,23600,35700,14300,6500,11700,400,100,3000,1700,1500,12400,600,1600,300,1000
93.0,8.91,40800,363876.0,8.91,8.9,8.88,8.87,8.85,8.84,8.83,8.82,8.81,8.8,8.92,8.93,8.94,8.95,8.97,8.98,9.02,9.05,9.06,9.08,3900,200,700,1800,1100,23600,35700,14300,6500,11700,400,100,3000,1700,1500,12400,600,1600,300,1000
94.0,8.91,40800,363876.0,8.91,8.9,8.88,8.87,8.85,8.84,8.83,8.82,8.81,8.8,8.92,8.93,8.94,8.95,8.97,8.98,9.02,9.05,9.06,9.08,3900,200,700,1800,1100,23600,35700,14300,6500,11700,400,100,3000,1700,1500,12400,600,1600,300,1000
95.0,8.91,41100,366549.0,8.91,8.9,8.88,8.87,8.85,8.84,8.83,8.82,8.81,8.8,8.92,8.93,8.94,8.95,8.97,8.98,9.02,9.05,9.06,9.08,3600,200,700,1800,1100,23600,35700,14300,6500,11700,400,100,3000,1700,1500,12400,600,1600,300,1000
96.0,8.91,41100,366549.0,8.91,8.9,8.88,8.87,8.85,8.84,8.83,8.82,8.81,8.8,8.92,8.93,8.94,8.95,8.97,8.98,9.02,9.05,9.06,9.08,3600,200,700,1800,1100,23600,35700,14300,6500,11700,400,100,3000,1700,1500,12400,600,1600,300,1000
97.0,8.91,41100,366549.0,8.91,8.9,8.88,8.87,8.85,8.84,8.83,8.82,8.81,8.8,8.92,8.93,8.94,8.95,8.97,8.98,9.02,9.05,9.06,9.08,3600,200,700,1800,1100,23600,35700,14300,6500,11700,400,100,3000,1700,1500,12400,600,1600,300,1000
98.0,8.91,41400,369222.0,8.91,8.9,8.88,8.87,8.85,8.84,8.83,8.82,8.81,8.8,8.92,8.93,8.94,8.95,8.97,8.98,9.02,9.05,9.06,9.08,3300,200,1000,1800,1100,23600,35700,14300,6500,11700,500,100,3000,1700,1500,12400,600,1600,300,1000
99.0,8.91,41400,369222.0,8.91,8.9,8.88,8.87,8.85,8.84,8.83,8.82,8.81,8.8,8.92,8.93,8.94,8.95,8.97,8.98,9.02,9.05,9.06,9.08,3300,200,1000,1800,1100,23600,35700,14300,6500,11700,500,100,3000,1700,1500,12400,600,1600,300,1000
100.0,8.92,41500,370114.0,8.91,8.9,8.88,8.87,8.85,8.84,8.83,8.82,8.81,8.8,8.92,8.93,8.94,8.95,8.98,9.02,9.05,9.06,9.08,9.09,3300,200,1000,1800,1100,23600,35700,14300,6500,11700,400,100,3000,1700,12400,600,1600,300,1000,3700
101.0,8.92,41500,370114.0,8.91,8.9,8.88,8.87,8.85,8.84,8.83,8.82,8.81,8.8,8.92,8.93,8.94,8.95,8.98,9.02,9.05,9.06,9.08,9.09,3300,3600,1000,1800,1100,23600,35700,14300,6500,11700,400,100,3000,1700,12400,600,1600,300,1000,3700
102.0,8.91,41800,372787.0,8.91,8.9,8.88,8.87,8.85,8.84,8.83,8.82,8.81,8.8,8.92,8.93,8.94,8.95,8.98,9.02,9.05,9.06,9.08,9.09,3000,3600,1000,1800,1100,23600,35700,14300,6500,11700,400,100,3000,1700,12400,600,1600,300,1000,3700
103.0,8.91,41800,372787.0,8.91,8.9,8.88,8.87,8.85,8.84,8.83,8.82,8.81,8.8,8.92,8.93,8.94,8.95,8.98,9.02,9.05,9.06,9.08,9.09,3000,3600,1000,1800,1100,23600,35700,14300,6500,11700,400,100,3000,1700,12400,600,1600,300,1000,3700
104.0,8.91,41800,372787.0,8.91,8.9,8.88,8.87,8.85,8.84,8.83,8.82,8.81,8.8,8.92,8.93,8.94,8.95,8.98,9.02,9.05,9.06,9.08,9.09,3000,3600,1000,1800,1100,23600,35700,14300,6500,11700,400,100,3000,1700,12400,600,1600,300,1000,3700
105.0,8.91,42100,375460.0,8.91,8.9,8.88,8.87,8.85,8.84,8.83,8.82,8.81,8.8,8.92,8.93,8.94,8.95,8.98,9.02,9.05,9.06,9.08,9.09,2700,3600,1000,1800,1100,23600,35700,14300,6500,11700,400,100,3000,1700,12400,600,1600,300,1000,3700
106.0,8.91,42100,375460.0,8.91,8.9,8.88,8.87,8.85,8.84,8.83,8.82,8.81,8.8,8.92,8.93,8.94,8.95,8.98,9.02,9.05,9.06,9.08,9.09,2700,3600,1000,1800,1100,23600,35700,14300,6500,11700,400,100,3000,1700,12400,600,1600,300,1000,3700
107.0,8.91,42100,375460.0,8.91,8.9,8.88,8.87,8.85,8.84,8.83,8.82,8.81,8.8,8.92,8.93,8.94,8.95,8.98,9.02,9.05,9.06,9.08,9.09,2700,3600,1000,1800,1100,23600,35700,14300,6500,11700,400,100,3000,1700,12400,600,1600,300,1000,3700
108.0,8.91,42100,375460.0,8.91,8.9,8.88,8.87,8.85,8.84,8.83,8.82,8.81,8.8,8.92,8.93,8.94,8.95,8.98,9.02,9.05,9.06,9.08,9.09,2700,3600,1000,1800,1100,23600,35700,14300,6500,11700,400,100,3000,1700,12400,600,1600,300,1000,3700
109.0,8.91,42300,377242.0,8.91,8.9,8.88,8.87,8.85,8.84,8.83,8.82,8.81,8.8,8.92,8.93,8.94,8.95,8.98,9.02,9.05,9.06,9.08,9.09,2500,3600,1000,1800,1100,23600,35700,14300,6500,11700,400,100,3000,1700,12400,600,1600,300,1000,3700
110.0,8.91,42300,377242.0,8.91,8.9,8.88,8.87,8.85,8.84,8.83,8.82,8.81,8.8,8.92,8.93,8.94,8.95,8.98,9.02,9.05,9.06,9.08,9.09,2500,3600,1000,1800,1100,23600,35700,14300,6500,11700,400,100,3000,1700,12400,600,1600,300,1000,3700
111.0,8.91,42300,377242.0,8.91,8.9,8.88,8.87,8.85,8.84,8.83,8.82,8.81,8.8,8.92,8.93,8.94,8.95,8.98,9.02,9.05,9.06,9.08,9.09,2500,3600,1000,1800,1100,23600,35700,14300,6500,11700,400,100,3000,1700,12400,600,1600,300,1000,3700
112.0,8.91,42500,379024.0,8.91,8.9,8.88,8.87,8.85,8.84,8.83,8.82,8.81,8.8,8.92,8.93,8.94,8.95,8.98,9.02,9.05,9.06,9.08,9.09,2300,3600,1000,1800,1100,23600,35700,14300,6500,11700,400,100,3000,1700,12400,600,1600,300,1000,3700
113.0,8.91,42500,379024.0,8.91,8.9,8.88,8.87,8.85,8.84,8.83,8.82,8.81,8.8,8.92,8.93,8.94,8.95,8.98,9.02,9.05,9.06,9.08,9.09,2300,3600,1000,1800,1100,23600,35700,14300,6500,11700,400,100,3000,1700,12400,600,1600,300,1000,3700
114.0,8.91,44000,392389.0,8.91,8.9,8.88,8.87,8.85,8.84,8.83,8.82,8.81,8.8,8.92,8.94,8.95,8.98,9.02,9.05,9.06,9.08,9.09,9.1,4300,3600,800,1800,1100,23600,35700,14300,6500,11700,200,3000,1700,12400,600,1600,300,1000,3700,4300
115.0,8.91,44400,395953.0,8.91,8.9,8.88,8.87,8.85,8.84,8.83,8.82,8.81,8.8,8.92,8.94,8.95,8.98,9.02,9.05,9.06,9.08,9.09,9.1,3900,3600,800,1800,1100,23600,35700,14300,6500,11700,200,3000,1700,12400,600,1600,300,1000,3700,4300
116.0,8.92,44500,396845.0,8.91,8.9,8.88,8.87,8.85,8.84,8.83,8.82,8.81,8.8,8.92,8.94,8.95,8.98,9.02,9.05,9.06,9.08,9.09,9.1,4300,3600,800,1800,1100,23600,35700,14300,6500,11700,100,3000,1700,12400,600,1600,300,1000,3700,4300
117.0,8.92,44500,396845.0,8.91,8.9,8.88,8.87,8.85,8.84,8.83,8.82,8.81,8.8,8.92,8.94,8.95,8.98,9.0,9.02,9.05,9.06,9.08,9.09,4000,3600,600,1800,1100,23600,35700,14300,6500,11700,100,3000,1700,12400,200,600,1600,300,1000,3700
118.0,8.92,44500,396845.0,8.91,8.9,8.88,8.87,8.85,8.84,8.83,8.82,8.81,8.8,8.92,8.94,8.95,8.98,9.0,9.02,9.05,9.06,9.08,9.09,4000,3600,500,1800,1100,23600,35700,14300,6500,11700,100,3000,1700,12400,200,600,1600,300,1000,3700
119.0,8.92,44500,396845.0,8.91,8.9,8.88,8.87,8.85,8.84,8.83,8.82,8.81,8.8,8.92,8.93,8.94,8.95,8.98,9.0,9.02,9.05,9.06,9.08,4000,3600,500,1800,1100,23600,35700,14300,6500,11700,100,4600,3000,1700,12400,200,600,1600,300,1000
120.0,8.92,44500,396845.0,8.91,8.9,8.88,8.87,8.85,8.84,8.83,8.82,8.81,8.8,8.92,8.93,8.94,8.95,8.98,9.0,9.02,9.05,9.06,9.08,4000,3600,500,1800,1100,23600,35700,14300,6500,11700,100,4600,3000,1700,12400,200,600,1600,300,1000
121.0,8.91,44800,399518.0,8.91,8.9,8.88,8.87,8.85,8.84,8.83,8.82,8.81,8.8,8.92,8.93,8.94,8.95,8.98,9.0,9.02,9.05,9.06,9.08,3800,3600,500,1800,1100,23600,35700,14300,6500,11700,100,4600,3000,1700,12400,200,600,1600,300,1000
122.0,8.91,44800,399518.0,8.91,8.9,8.88,8.87,8.85,8.84,8.83,8.82,8.81,8.8,8.92,8.93,8.94,8.95,8.98,9.0,9.02,9.05,9.06,9.08,3800,3600,500,1800,1100,23600,35700,14300,6500,11700,100,4600,3000,1700,12400,200,600,1600,300,1000
123.0,8.91,44900,400409.0,8.91,8.9,8.88,8.87,8.85,8.84,8.83,8.82,8.81,8.8,8.92,8.93,8.94,8.95,8.98,9.0,9.02,9.05,9.06,9.08,3700,3600,500,1800,1100,23600,35700,14300,6500,11700,100,4600,3000,1700,12400,200,600,1600,300,1000
124.0,8.92,45800,408430.0,8.92,8.91,8.9,8.88,8.87,8.85,8.84,8.83,8.82,8.81,8.93,8.94,8.95,8.98,9.0,9.02,9.05,9.06,9.08,9.09,300,3100,3600,500,1800,1100,23600,35700,14300,6500,4700,3000,1700,12400,200,600,1600,300,1000,3700
125.0,8.92,45900,409322.0,8.92,8.91,8.9,8.88,8.87,8.85,8.84,8.83,8.82,8.81,8.93,8.94,8.95,8.98,9.0,9.02,9.05,9.06,9.08,9.09,200,3100,3600,500,1800,1100,23600,35700,14300,6500,4900,3000,1700,12400,200,600,1600,300,1000,3700
126.0,8.92,45900,409322.0,8.92,8.91,8.9,8.88,8.87,8.85,8.84,8.83,8.82,8.81,8.93,8.94,8.95,8.98,9.0,9.02,9.05,9.06,9.08,9.09,200,3100,3600,500,1800,1100,23600,35700,14300,6500,4900,2400,1700,12400,200,600,1600,300,1000,3700
127.0,8.92,45900,409322.0,8.92,8.91,8.9,8.88,8.87,8.85,8.84,8.83,8.82,8.81,8.93,8.94,8.95,8.98,9.0,9.02,9.05,9.06,9.08,9.09,200,3100,3600,500,1800,1100,23600,35700,14300,6500,4900,2400,1700,12400,200,600,1600,300,1000,3700
128.0,8.9,52100,464552.0,8.9,8.88,8.87,8.85,8.84,8.83,8.82,8.81,8.8,8.77,8.92,8.93,8.94,8.95,8.98,9.0,9.02,9.05,9.06,9.08,1800,500,1800,1100,23600,35700,14300,6500,11700,1300,2200,4900,2400,1700,12400,200,600,1600,300,1000
129.0,8.9,52200,465442.0,8.9,8.88,8.87,8.85,8.84,8.83,8.82,8.81,8.8,8.77,8.92,8.93,8.94,8.95,8.98,9.0,9.02,9.05,9.06,9.08,1700,500,1800,1100,23600,35700,14300,6500,11700,1300,2200,4900,2400,1700,12400,200,600,1600,300,1000
130.0,8.9,52200,465442.0,8.9,8.88,8.87,8.85,8.84,8.83,8.82,8.81,8.8,8.77,8.92,8.93,8.94,8.95,8.98,9.0,9.02,9.05,9.06,9.08,1700,500,1800,1100,23600,35700,14300,6500,11700,1300,2200,4900,2400,1700,12400,200,600,1600,300,1000
131.0,8.92,52300,466334.0,8.9,8.88,8.87,8.85,8.84,8.83,8.82,8.81,8.8,8.77,8.92,8.93,8.94,8.95,8.98,9.0,9.02,9.05,9.06,9.08,1800,500,1800,1100,23600,35700,14300,6500,11700,1300,4500,4900,2400,1700,12400,200,600,1600,300,1000
132.0,8.9,52400,467224.0,8.9,8.88,8.87,8.85,8.84,8.83,8.82,8.81,8.8,8.77,8.92,8.93,8.94,8.95,8.98,9.0,9.02,9.05,9.06,9.08,1700,500,1800,1100,23600,35700,14300,6500,11700,1300,4500,4900,2400,1700,12400,200,600,1600,300,1000
133.0,8.9,52400,467224.0,8.9,8.88,8.87,8.85,8.84,8.83,8.82,8.81,8.8,8.77,8.92,8.93,8.94,8.95,8.98,9.0,9.02,9.05,9.06,9.08,1700,500,1800,1100,23600,35700,14300,6500,11700,1300,4500,4900,2400,1700,12400,200,600,1600,300,1000
134.0,8.9,52400,467224.0,8.9,8.88,8.87,8.85,8.84,8.83,8.82,8.81,8.8,8.77,8.92,8.93,8.94,8.95,8.98,9.0,9.02,9.05,9.06,9.08,4000,500,1800,1100,23600,35700,14300,6500,11700,1300,4500,4900,2400,1700,12400,200,600,1600,300,1000
135.0,8.9,53200,474344.0,8.9,8.88,8.87,8.85,8.84,8.83,8.82,8.81,8.8,8.77,8.92,8.93,8.94,8.95,8.98,9.0,9.02,9.05,9.06,9.08,3200,500,1800,1100,23600,35700,14300,6500,11700,1300,4500,4900,2400,1700,12400,200,600,1600,300,1000
136.0,8.9,53500,477014.0,8.9,8.88,8.87,8.85,8.84,8.83,8.82,8.81,8.8,8.77,8.92,8.93,8.94,8.95,8.98,9.0,9.02,9.05,9.06,9.08,2900,500,1800,1100,23600,35700,14300,6500,11700,1300,4500,4900,2400,1700,12400,200,600,1600,300,1000
137.0,8.9,53500,477014.0,8.9,8.88,8.87,8.85,8.84,8.83,8.82,8.81,8.8,8.77,8.92,8.93,8.94,8.95,8.98,9.0,9.02,9.05,9.06,9.08,2900,500,1800,1100,23600,35700,14300,6500,11700,1300,4500,4900,2400,1700,12400,200,600,1600,300,1000
138.0,8.9,53500,477014.0,8.9,8.88,8.87,8.85,8.84,8.83,8.82,8.81,8.8,8.77,8.92,8.93,8.94,8.95,8.98,9.0,9.02,9.05,9.06,9.08,2900,500,1800,1100,23600,35700,14300,6500,11700,1300,4500,4900,2400,1700,12400,200,600,1600,300,1000
139.0,8.9,53700,478794.0,8.9,8.88,8.87,8.85,8.84,8.83,8.82,8.81,8.8,8.77,8.92,8.93,8.94,8.95,8.98,9.0,9.02,9.05,9.06,9.08,2700,500,1800,1100,23600,35700,14300,6500,11700,1300,4500,4900,2400,1700,12400,200,600,1600,300,1000
140.0,8.9,53700,478794.0,8.9,8.88,8.87,8.85,8.84,8.83,8.82,8.81,8.8,8.77,8.92,8.93,8.94,8.95,8.98,9.0,9.02,9.05,9.06,9.08,2700,500,1800,1100,23600,35700,14300,6500,11700,1300,4500,4900,2400,1700,12400,200,600,1600,300,1000
141.0,8.9,53700,478794.0,8.9,8.88,8.87,8.85,8.84,8.83,8.82,8.81,8.8,8.77,8.92,8.93,8.94,8.95,8.98,9.0,9.02,9.05,9.06,9.08,2700,500,1800,1100,23600,35700,14300,6500,11700,1300,4500,4900,2400,1700,12400,200,600,1600,300,1000
142.0,8.9,53700,478794.0,8.9,8.88,8.87,8.85,8.84,8.83,8.82,8.81,8.8,8.77,8.92,8.93,8.94,8.95,8.98,9.0,9.02,9.05,9.06,9.08,2700,500,1800,1100,23600,35700,14300,6500,11700,1300,4500,4900,2400,1700,12400,200,600,1600,300,1000
143.0,8.9,53900,480574.0,8.9,8.88,8.87,8.85,8.84,8.83,8.82,8.81,8.8,8.77,8.92,8.93,8.94,8.95,8.98,9.0,9.02,9.05,9.06,9.08,2500,500,1800,1100,23600,35700,14300,6500,11700,1300,4500,4900,2400,1700,12400,200,600,1600,300,1000
144.0,8.9,53900,480574.0,8.9,8.88,8.87,8.85,8.84,8.83,8.82,8.81,8.8,8.77,8.92,8.93,8.94,8.95,8.98,9.0,9.02,9.05,9.06,9.08,2500,500,1800,1100,23600,35700,14300,6500,11700,1300,4500,4900,2400,1700,12400,200,600,1600,300,1000
145.0,8.9,53900,480574.0,8.9,8.88,8.87,8.85,8.84,8.83,8.82,8.81,8.8,8.77,8.92,8.93,8.94,8.95,8.98,9.0,9.02,9.05,9.06,9.08,2500,500,1800,1100,23600,35700,14300,6500,11700,1300,4500,4900,2400,1700,12400,200,600,1600,300,1000
146.0,8.9,53900,480574.0,8.9,8.88,8.87,8.85,8.84,8.83,8.82,8.81,8.8,8.77,8.92,8.93,8.94,8.95,8.98,9.0,9.02,9.05,9.06,9.08,2500,500,1800,1100,23600,35700,14300,6500,11700,1300,4500,4900,2400,1700,12400,200,600,1600,300,1000
147.0,8.9,54400,485024.0,8.9,8.88,8.87,8.85,8.84,8.83,8.82,8.81,8.8,8.77,8.92,8.93,8.94,8.95,8.98,9.0,9.02,9.05,9.06,9.08,2000,500,1800,1100,23600,35700,14300,6500,11700,1300,4500,4900,2400,1700,12400,200,600,1600,300,1000
148.0,8.92,54800,488592.0,8.9,8.88,8.87,8.85,8.84,8.83,8.82,8.81,8.8,8.77,8.91,8.92,8.93,8.94,8.95,8.98,9.0,9.02,9.05,9.06,2000,500,1800,1100,23600,35700,14300,6500,11700,1300,3000,4100,4900,2400,1700,12400,200,600,1600,300
149.0,8.92,54800,488592.0,8.9,8.88,8.87,8.85,8.84,8.83,8.82,8.81,8.8,8.77,8.91,8.92,8.93,8.94,8.95,8.98,9.0,9.02,9.05,9.06,2000,500,1800,1100,23600,35700,14300,6500,11700,1300,3000,2400,4900,2400,1700,12400,200,600,1600,300
150.0,8.92,54800,488592.0,8.9,8.88,8.87,8.85,8.84,8.83,8.82,8.81,8.8,8.77,8.91,8.92,8.93,8.94,8.95,8.98,9.0,9.02,9.05,9.06,2000,500,1800,1100,23600,35700,14300,6500,11700,1300,3000,2400,4900,2400,1700,12400,200,600,1600,300
151.0,8.92,54800,488592.0,8.9,8.88,8.87,8.85,8.84,8.83,8.82,8.81,8.8,8.77,8.91,8.92,8.93,8.94,8.95,8.98,9.0,9.02,9.05,9.06,2000,500,1800,1100,23600,35700,14300,6500,11700,1300,3000,2400,4900,2400,1700,12400,200,600,1600,300
152.0,8.92,54800,488592.0,8.9,8.88,8.87,8.85,8.84,8.83,8.82,8.81,8.8,8.77,8.91,8.92,8.93,8.94,8.95,8.98,9.0,9.02,9.05,9.06,2000,500,1800,1100,23600,35700,14300,6500,11700,1300,3000,2400,4900,2400,1700,12400,200,600,1600,300
153.0,8.92,54800,488592.0,8.9,8.88,8.87,8.85,8.84,8.83,8.82,8.81,8.8,8.77,8.91,8.92,8.93,8.94,8.95,8.98,9.0,9.02,9.05,9.06,2000,500,1800,1100,23600,35700,14300,6500,11700,1300,3000,2400,4900,2400,1700,12400,200,600,1600,300
154.0,8.9,55000,490372.0,8.9,8.88,8.87,8.85,8.84,8.83,8.82,8.81,8.8,8.77,8.92,8.93,8.94,8.95,8.98,9.0,9.02,9.05,9.06,9.08,1800,500,1800,1100,23600,35700,14300,6500,11700,1300,2400,4900,2400,1700,12400,200,600,1600,300,1000
155.0,8.9,55000,490372.0,8.9,8.88,8.87,8.85,8.84,8.83,8.82,8.81,8.8,8.77,8.92,8.93,8.94,8.95,8.98,9.0,9.02,9.05,9.06,9.08,1800,500,1800,1100,23600,35700,14300,6500,11700,1300,2700,4900,2400,1700,12400,200,600,1600,300,1000
156.0,8.92,55300,493048.0,8.9,8.88,8.87,8.85,8.84,8.83,8.82,8.81,8.8,8.77,8.92,8.93,8.94,8.95,8.98,9.0,9.02,9.05,9.06,9.08,1800,500,1800,1100,23600,35700,14300,6500,11700,1300,2400,4900,2400,1700,12400,200,600,1600,300,1000
157.0,8.92,55300,493048.0,8.9,8.88,8.87,8.85,8.84,8.83,8.82,8.81,8.8,8.77,8.92,8.93,8.94,8.95,8.98,9.0,9.02,9.05,9.06,9.08,1800,500,1800,1100,23600,35700,14300,6500,11700,1300,300,4900,2400,1700,12400,200,600,1600,300,1000
158.0,8.92,55300,493048.0,8.9,8.88,8.87,8.85,8.84,8.83,8.82,8.81,8.8,8.77,8.92,8.93,8.94,8.95,8.98,9.0,9.02,9.05,9.06,9.08,1800,500,1800,1100,23600,35700,14300,6500,11700,1300,300,4800,2500,1700,12400,200,600,1600,300,1000
159.0,8.92,55300,493048.0,8.91,8.9,8.88,8.87,8.85,8.84,8.83,8.82,8.81,8.8,8.92,8.93,8.94,8.95,8.98,9.0,9.02,9.05,9.06,9.08,200,1800,500,1800,1100,23600,35700,14300,6500,11700,300,4800,2500,1700,12400,200,600,1600,300,1000
160.0,8.92,55300,493048.0,8.91,8.9,8.88,8.87,8.85,8.84,8.83,8.82,8.81,8.8,8.92,8.93,8.94,8.95,8.98,9.0,9.02,9.05,9.06,9.08,200,1800,500,1800,1100,23600,35700,4300,6500,11700,300,4800,2500,1700,12400,200,600,1600,300,1000
161.0,8.92,55300,493048.0,8.91,8.9,8.88,8.87,8.85,8.84,8.83,8.82,8.81,8.8,8.92,8.93,8.94,8.95,8.98,9.0,9.02,9.05,9.06,9.08,200,1800,500,1800,1100,23600,35700,4300,6500,11700,300,4800,2500,1700,12400,200,600,1600,300,1000
162.0,8.91,55500,494830.0,8.9,8.88,8.87,8.85,8.84,8.83,8.82,8.81,8.8,8.77,8.92,8.93,8.94,8.95,8.98,9.0,9.02,9.05,9.06,9.08,1800,500,1800,1100,23600,35700,4300,6500,11700,1300,300,4800,2500,1700,12400,200,600,1600,300,1000
163.0,8.91,55500,494830.0,8.9,8.88,8.87,8.85,8.84,8.83,8.82,8.81,8.8,8.77,8.92,8.93,8.94,8.95,8.98,9.0,9.02,9.05,9.06,9.08,1800,500,1800,1100,23600,35700,4300,6500,12400,1300,300,4800,2500,1700,12400,200,600,1600,300,1000
164.0,8.91,55500,494830.0,8.9,8.88,8.87,8.85,8.84,8.83,8.82,8.81,8.8,8.77,8.92,8.93,8.94,8.95,8.98,9.0,9.02,9.05,9.06,9.08,1800,500,1800,1100,23600,35700,4300,6500,12400,1300,300,4800,2500,1700,12400,200,600,1600,300,1000
165.0,8.91,55500,494830.0,8.9,8.88,8.87,8.85,8.84,8.83,8.82,8.81,8.8,8.77,8.92,8.93,8.94,8.95,8.98,9.0,9.02,9.05,9.06,9.08,1800,500,1800,1100,23600,35700,4300,6500,12400,1300,300,4800,2500,1700,12400,200,600,1600,300,1000
166.0,8.91,55500,494830.0,8.9,8.88,8.87,8.85,8.84,8.83,8.82,8.81,8.8,8.77,8.92,8.93,8.94,8.95,8.98,9.0,9.02,9.05,9.06,9.08,1800,500,1800,1100,23600,35700,4300,6500,12400,1300,300,4800,2500,1700,12400,200,600,1600,300,1000
167.0,8.91,55500,494830.0,8.9,8.88,8.87,8.85,8.84,8.83,8.82,8.81,8.8,8.77,8.92,8.93,8.94,8.95,8.98,9.0,9.02,9.05,9.06,9.08,1800,500,1800,1100,23600,35700,4300,6500,12400,1300,300,4800,2500,1700,12400,200,600,1600,300,1000
168.0,8.93,60100,535905.0,8.9,8.88,8.87,8.85,8.84,8.83,8.82,8.81,8.8,8.77,8.93,8.94,8.95,8.98,9.0,9.02,9.05,9.06,9.08,9.09,3300,500,1800,1100,23600,35700,4300,6500,12400,1300,500,2500,1700,12400,200,600,1600,300,1000,3700
169.0,8.93,60100,535905.0,8.9,8.88,8.87,8.85,8.84,8.83,8.82,8.81,8.8,8.77,8.93,8.94,8.95,8.98,9.0,9.02,9.05,9.06,9.08,9.09,3800,500,1800,1100,23600,35700,4300,6500,12400,1300,300,2400,1700,12400,200,600,1600,300,1000,3700
170.0,8.9,60800,542135.0,8.91,8.9,8.88,8.87,8.85,8.84,8.83,8.82,8.81,8.8,8.93,8.94,8.95,8.98,9.0,9.02,9.05,9.06,9.08,9.09,100,3100,500,1800,1100,23600,35700,4300,6500,12400,300,2400,1700,12400,200,600,1600,300,1000,3700
171.0,8.9,60800,542135.0,8.91,8.9,8.88,8.87,8.85,8.84,8.83,8.82,8.81,8.8,8.93,8.94,8.95,8.98,9.0,9.02,9.05,9.06,9.08,9.09,100,3100,500,1800,1100,23600,35700,4300,6500,12400,400,2400,1700,12400,200,600,1600,300,1000,3700
172.0,8.9,60800,542135.0,8.91,8.9,8.88,8.87,8.85,8.84,8.83,8.82,8.81,8.8,8.93,8.94,8.95,8.98,9.0,9.02,9.05,9.06,9.08,9.09,100,3100,500,1800,1100,23600,35700,4300,6500,12400,400,2400,1700,12400,200,600,1600,300,1000,3700
173.0,8.9,60800,542135.0,8.91,8.9,8.88,8.87,8.85,8.84,8.83,8.82,8.81,8.8,8.93,8.94,8.95,8.98,9.0,9.02,9.05,9.06,9.08,9.09,100,3100,500,1800,1100,23600,35700,4300,6500,12400,400,2400,1700,12400,200,600,1600,300,1000,3700
174.0,8.9,60800,542135.0,8.91,8.9,8.88,8.87,8.85,8.84,8.83,8.82,8.81,8.8,8.93,8.94,8.95,8.98,9.0,9.02,9.05,9.06,9.08,9.09,100,3100,500,1800,1100,23600,35700,4300,6500,12400,400,2400,1700,12400,200,600,1600,300,1000,3700
175.0,8.9,60800,542135.0,8.91,8.9,8.88,8.87,8.85,8.84,8.83,8.82,8.81,8.8,8.93,8.94,8.95,8.98,9.0,9.02,9.05,9.06,9.08,9.09,100,3100,500,1800,1100,23600,35700,4300,6500,12400,400,2400,1700,12400,200,600,1600,300,1000,3700
176.0,8.9,60800,542135.0,8.91,8.9,8.88,8.87,8.85,8.84,8.83,8.82,8.81,8.8,8.93,8.94,8.95,8.98,9.0,9.02,9.05,9.06,9.08,9.09,100,3100,500,1800,1100,23600,35700,4300,6500,12400,400,2400,1700,12400,200,600,1600,300,1000,3700
177.0,8.9,60800,542135.0,8.91,8.9,8.88,8.87,8.85,8.84,8.83,8.82,8.81,8.8,8.93,8.94,8.95,8.98,9.0,9.02,9.05,9.06,9.08,9.09,100,3100,500,1800,1100,23600,35700,4300,6500,12400,400,2400,1700,12400,200,600,1600,300,1000,3700
178.0,8.9,60800,542135.0,8.91,8.9,8.88,8.87,8.85,8.84,8.83,8.82,8.81,8.8,8.93,8.94,8.95,8.98,9.0,9.02,9.05,9.06,9.08,9.09,100,3100,500,1800,1100,23600,45700,4300,6500,12400,400,2400,1700,12400,200,600,1600,300,1000,3700
179.0,8.9,60800,542135.0,8.91,8.9,8.88,8.87,8.85,8.84,8.83,8.82,8.81,8.8,8.93,8.94,8.95,8.98,9.0,9.02,9.05,9.06,9.08,9.09,100,3100,500,1800,1100,23600,45700,4300,6500,12400,400,2400,1700,12400,200,600,1600,300,1000,3700
180.0,8.9,60800,542135.0,8.91,8.9,8.88,8.87,8.85,8.84,8.83,8.82,8.81,8.8,8.93,8.94,8.95,8.98,9.0,9.02,9.05,9.06,9.08,9.09,100,3100,500,1800,1100,23600,45700,4300,6500,12400,500,2400,1700,12400,200,600,1600,300,1000,3700
181.0,8.9,60800,542135.0,8.91,8.9,8.88,8.87,8.85,8.84,8.83,8.82,8.81,8.8,8.93,8.94,8.95,8.98,9.0,9.02,9.05,9.06,9.08,9.09,100,3100,500,1800,1100,23600,45700,4300,6500,12400,500,2500,1700,12400,200,600,1600,300,1000,3700
182.0,8.9,60800,542135.0,8.91,8.9,8.88,8.87,8.85,8.84,8.83,8.82,8.81,8.8,8.93,8.94,8.95,8.98,9.0,9.02,9.05,9.06,9.08,9.09,200,3100,500,1800,1100,23600,45700,4300,6500,22400,500,2500,1700,12400,200,600,1600,300,1000,3700
183.0,8.9,60800,542135.0,8.91,8.9,8.88,8.87,8.85,8.84,8.83,8.82,8.81,8.8,8.93,8.94,8.95,8.98,9.0,9.02,9.05,9.06,9.08,9.09,200,3100,500,1800,1100,23600,45700,4300,6500,22400,500,2500,1700,12400,200,600,1600,300,1000,3700
184.0,8.9,60800,542135.0,8.91,8.9,8.88,8.87,8.85,8.84,8.83,8.82,8.81,8.8,8.93,8.94,8.95,8.98,9.0,9.02,9.05,9.06,9.08,9.09,200,3100,500,1800,1100,23600,45700,4300,6500,22400,500,2500,1700,12400,200,600,1600,300,1000,3700
185.0,8.9,60800,542135.0,8.91,8.9,8.88,8.87,8.85,8.84,8.83,8.82,8.81,8.8,8.93,8.94,8.95,8.98,9.0,9.02,9.05,9.06,9.08,9.09,200,3100,500,1800,1100,23600,45700,4300,6500,22400,500,2500,1700,12400,200,600,1600,300,1000,3700
186.0,8.9,60800,542135.0,8.91,8.9,8.88,8.87,8.85,8.84,8.83,8.82,8.81,8.8,8.93,8.94,8.95,8.98,9.0,9.02,9.05,9.06,9.08,9.09,200,3100,500,1800,1100,23600,45700,4300,6500,22400,500,2500,1700,12400,200,600,1600,300,1000,3700
187.0,8.9,60800,542135.0,8.91,8.9,8.88,8.87,8.85,8.84,8.83,8.82,8.81,8.8,8.93,8.94,8.95,8.98,9.0,9.02,9.05,9.06,9.08,9.09,200,3100,500,1800,4100,23600,25600,4300,6500,22400,700,2500,1700,12400,200,600,1600,300,1000,3700
188.0,8.9,60800,542135.0,8.91,8.9,8.88,8.87,8.85,8.84,8.83,8.82,8.81,8.8,8.93,8.94,8.95,8.98,9.0,9.02,9.05,9.06,9.08,9.09,200,3100,500,1800,4100,23600,25600,4300,6500,22400,700,2500,1700,12400,200,600,1600,300,1000,3700
189.0,8.9,60800,542135.0,8.91,8.9,8.88,8.87,8.85,8.84,8.83,8.82,8.81,8.8,8.93,8.94,8.95,8.98,9.0,9.02,9.05,9.06,9.08,9.09,200,3100,500,1800,4100,23600,25600,4300,6500,22400,700,2500,1700,12400,200,600,1600,300,1000,3700
190.0,8.9,60800,542135.0,8.91,8.9,8.88,8.87,8.85,8.84,8.83,8.82,8.81,8.8,8.93,8.94,8.95,8.98,9.0,9.02,9.05,9.06,9.08,9.09,200,3100,500,1800,4100,23600,25600,4300,6500,22400,700,2500,1700,12400,200,600,1600,300,1000,3700
191.0,8.9,60800,542135.0,8.91,8.9,8.88,8.87,8.85,8.84,8.83,8.82,8.81,8.8,8.93,8.94,8.95,8.98,9.0,9.02,9.05,9.06,9.08,9.09,200,3100,500,1800,4100,23600,25600,4300,6500,22400,700,2500,1700,12400,200,600,1600,300,1000,3700
192.0,8.9,60800,542135.0,8.91,8.9,8.88,8.87,8.85,8.84,8.83,8.82,8.81,8.8,8.93,8.94,8.95,8.98,9.0,9.02,9.05,9.06,9.08,9.09,200,3100,500,1800,4100,23600,25600,4300,6500,22400,700,2500,1700,12400,200,600,1600,300,1000,3700
193.0,8.9,60800,542135.0,8.91,8.9,8.88,8.87,8.85,8.84,8.83,8.82,8.81,8.8,8.93,8.94,8.95,8.98,9.0,9.02,9.05,9.06,9.08,9.09,200,3100,500,1800,4100,23600,25600,4300,6500,22400,700,2500,1700,12400,200,600,1600,300,1000,3700
194.0,8.9,60800,542135.0,8.91,8.9,8.88,8.87,8.85,8.84,8.83,8.82,8.81,8.8,8.93,8.94,8.95,8.98,9.0,9.02,9.05,9.06,9.08,9.09,200,3100,500,1800,4100,23600,25600,4300,6500,22400,700,2500,1700,12400,200,600,1600,300,1000,3700
195.0,8.9,60800,542135.0,8.91,8.9,8.88,8.87,8.85,8.84,8.83,8.82,8.81,8.8,8.93,8.94,8.95,8.98,9.0,9.02,9.05,9.06,9.08,9.09,200,3100,500,1800,4100,23600,25600,4300,6500,22400,700,2500,1700,12400,200,600,1600,300,1000,3700
196.0,8.9,60800,542135.0,8.91,8.9,8.88,8.87,8.85,8.84,8.83,8.82,8.81,8.8,8.93,8.94,8.95,8.98,9.0,9.02,9.05,9.06,9.08,9.09,200,3100,500,1800,4100,23600,25600,4300,6500,22400,700,2500,1700,12400,200,600,1600,300,1000,3700
197.0,8.9,60800,542135.0,8.91,8.9,8.88,8.87,8.85,8.84,8.83,8.82,8.81,8.8,8.93,8.94,8.95,8.98,9.0,9.02,9.05,9.06,9.08,9.09,200,3100,500,1800,4100,23600,25600,4300,6500,22400,700,2500,1700,12400,200,600,1600,300,1000,3700
198.0,8.9,60800,542135.0,8.91,8.9,8.88,8.87,8.85,8.84,8.83,8.82,8.81,8.8,8.93,8.94,8.95,8.98,9.0,9.02,9.05,9.06,9.08,9.09,200,3100,500,1800,4100,23600,25600,4300,6500,22400,700,2500,1700,12400,200,600,1600,300,1000,3700
199.0,8.9,60800,542135.0,8.91,8.9,8.88,8.87,8.85,8.84,8.83,8.82,8.81,8.8,8.93,8.94,8.95,8.98,9.0,9.02,9.05,9.06,9.08,9.09,200,3100,500,1800,4100,23600,25600,4300,6500,22400,700,2500,1700,12400,200,600,1600,300,1000,3700
200.0,8.9,60800,542135.0,8.91,8.9,8.88,8.87,8.85,8.84,8.83,8.82,8.81,8.8,8.93,8.94,8.95,8.98,9.0,9.02,9.05,9.06,9.08,9.09,200,3100,500,1800,4100,23600,25600,4300,6500,22400,800,2500,1700,12400,200,600,1600,300,1000,3700
201.0,8.9,60800,542135.0,8.91,8.9,8.88,8.87,8.85,8.84,8.83,8.82,8.81,8.8,8.93,8.94,8.95,8.98,9.0,9.02,9.05,9.06,9.08,9.09,200,3100,500,1800,4100,23600,25600,4300,6500,22400,800,2500,1700,12400,200,600,1600,300,1000,3700
202.0,8.9,60800,542135.0,8.91,8.9,8.88,8.87,8.85,8.84,8.83,8.82,8.81,8.8,8.93,8.94,8.95,8.98,9.0,9.02,9.05,9.06,9.08,9.09,200,3100,500,1800,4100,23600,25600,4300,6500,22400,800,2500,1700,12400,200,600,1600,300,1000,3700
203.0,8.9,60800,542135.0,8.91,8.9,8.88,8.87,8.85,8.84,8.83,8.82,8.81,8.8,8.93,8.94,8.95,8.98,9.0,9.02,9.05,9.06,9.08,9.09,200,3100,500,1800,4100,23600,25600,4300,6500,22400,800,2500,1700,12400,200,600,1600,300,1000,3700
204.0,8.9,60800,542135.0,8.91,8.9,8.88,8.87,8.85,8.84,8.83,8.82,8.81,8.8,8.93,8.94,8.95,8.98,9.0,9.02,9.05,9.06,9.08,9.09,200,3100,500,1800,4100,23600,25600,4300,6500,22400,800,2500,1700,12400,200,600,1600,300,1000,3700
205.0,8.9,60800,542135.0,8.91,8.9,8.88,8.87,8.85,8.84,8.83,8.82,8.81,8.8,8.92,8.93,8.94,8.95,8.98,9.0,9.02,9.05,9.06,9.08,20100,3100,500,1800,4100,23600,25600,4300,6500,22400,1300,1200,2500,1700,12400,200,600,1600,300,1000
206.0,8.9,60800,542135.0,8.91,8.9,8.88,8.87,8.85,8.84,8.83,8.82,8.81,8.8,8.92,8.93,8.94,8.95,8.98,9.0,9.02,9.05,9.06,9.08,20100,3100,500,1800,4100,23600,25600,4300,6500,22400,1300,1200,2500,1700,12400,200,600,1600,300,1000
207.0,8.92,60900,543027.0,8.91,8.9,8.88,8.87,8.85,8.84,8.83,8.82,8.81,8.8,8.92,8.93,8.94,8.95,8.98,9.0,9.02,9.05,9.06,9.08,20100,3100,500,1800,4100,23600,25600,4300,6500,22400,1200,1200,2500,1700,12400,200,600,1600,300,1000
208.0,8.92,60900,543027.0,8.91,8.9,8.88,8.87,8.85,8.84,8.83,8.82,8.81,8.8,8.92,8.93,8.94,8.95,8.98,9.0,9.02,9.05,9.06,9.08,20100,3100,500,1800,4100,23600,25600,4300,6500,22400,1200,1200,2500,1700,12400,200,600,1600,300,1000
209.0,8.92,60900,543027.0,8.91,8.9,8.88,8.87,8.85,8.84,8.83,8.82,8.81,8.8,8.92,8.93,8.94,8.95,8.98,9.0,9.02,9.05,9.06,9.08,20100,3100,500,1800,4100,23600,25600,4300,6500,22400,1200,1200,2500,1700,12400,200,600,1600,300,1000
210.0,8.92,62200,554623.0,8.92,8.91,8.9,8.88,8.87,8.85,8.84,8.83,8.82,8.81,8.93,8.94,8.95,8.98,9.0,9.02,9.05,9.06,9.08,9.09,500,20700,3100,500,1800,4100,23600,25600,4300,6500,800,2500,1700,12400,200,600,1600,300,1000,3700
211.0,8.92,62200,554623.0,8.92,8.91,8.9,8.88,8.87,8.85,8.84,8.83,8.82,8.81,8.93,8.94,8.95,8.98,9.0,9.02,9.05,9.06,9.08,9.09,500,21000,3100,500,1800,4100,23600,25600,4300,6500,800,2500,1700,12400,200,600,1600,300,1000,3700
212.0,8.92,62200,554623.0,8.92,8.91,8.9,8.88,8.87,8.85,8.84,8.83,8.82,8.81,8.93,8.94,8.95,8.98,9.0,9.02,9.05,9.06,9.08,9.09,500,20900,3100,500,1800,4100,23600,25600,4300,6500,1000,2500,1700,12400,200,600,1600,300,1000,3700
213.0,8.92,62200,554623.0,8.92,8.91,8.9,8.88,8.87,8.85,8.84,8.83,8.82,8.81,8.93,8.94,8.95,8.98,9.0,9.02,9.05,9.06,9.08,9.09,500,20900,3100,500,1800,4100,23600,25600,4300,6500,700,2500,1700,12400,200,600,1600,300,1000,3700
214.0,8.92,62200,554623.0,8.92,8.91,8.9,8.88,8.87,8.85,8.84,8.83,8.82,8.81,8.93,8.94,8.95,8.98,9.0,9.02,9.05,9.06,9.08,9.09,3400,20900,3100,500,1800,4100,23600,25600,4300,6500,700,2500,1700,12400,200,600,1600,300,1000,3700
215.0,8.92,62200,554623.0,8.92,8.91,8.9,8.88,8.87,8.85,8.84,8.83,8.82,8.81,8.93,8.94,8.95,8.98,9.0,9.02,9.05,9.06,9.08,9.09,3400,20900,3100,500,1800,4100,23600,25600,4300,6500,700,2500,1700,12400,200,600,1600,300,1000,3700
216.0,8.92,62200,554623.0,8.92,8.91,8.9,8.88,8.87,8.85,8.84,8.83,8.82,8.81,8.93,8.94,8.95,8.98,9.0,9.02,9.05,9.06,9.08,9.09,3400,20900,1400,500,1800,4100,23600,25600,4300,6500,700,2500,1700,12400,200,600,1600,300,1000,3700
217.0,8.92,62200,554623.0,8.92,8.91,8.9,8.88,8.87,8.85,8.84,8.83,8.82,8.81,8.93,8.94,8.95,8.98,9.0,9.02,9.05,9.06,9.08,9.09,3400,20900,1200,500,1800,4100,23600,25600,4300,6500,700,2500,1700,12400,200,600,1600,300,1000,3700
218.0,8.93,62900,560874.0,8.93,8.92,8.91,8.9,8.88,8.87,8.85,8.84,8.83,8.82,8.94,8.95,8.98,9.0,9.02,9.05,9.06,9.08,9.09,9.1,900,3700,20800,1200,500,1800,4100,23600,25600,4300,2800,1700,12400,200,600,1600,300,1000,3700,4300
219.0,8.93,62900,560874.0,8.93,8.92,8.91,8.9,8.88,8.87,8.85,8.84,8.83,8.82,8.94,8.95,8.98,9.0,9.02,9.05,9.06,9.08,9.09,9.1,800,3700,20800,1200,500,1800,4100,23600,25600,4300,2800,1700,12400,200,600,1600,300,1000,3700,4300
220.0,8.93,62900,560874.0,8.93,8.92,8.91,8.9,8.88,8.87,8.85,8.84,8.83,8.82,8.94,8.95,8.98,9.0,9.02,9.05,9.06,9.08,9.09,9.1,800,3700,20800,1200,500,1800,4100,23600,25600,4300,2800,1700,12400,200,600,1600,300,1000,3700,4300
221.0,8.94,63100,562662.0,8.93,8.92,8.91,8.9,8.88,8.87,8.85,8.84,8.83,8.82,8.94,8.95,8.98,9.0,9.02,9.05,9.06,9.08,9.09,9.1,500,3700,20800,1200,500,1800,4100,23600,25600,4300,2600,1700,12400,200,600,1600,300,1000,3700,4300
222.0,8.94,63100,562662.0,8.92,8.91,8.9,8.88,8.87,8.85,8.84,8.83,8.82,8.81,8.94,8.95,8.98,9.0,9.02,9.05,9.06,9.08,9.09,9.1,4200,20800,1200,500,1800,4100,23600,25600,4300,6500,2600,1700,12400,200,600,1600,300,1000,3700,4300
223.0,8.94,63100,562662.0,8.92,8.91,8.9,8.88,8.87,8.85,8.84,8.83,8.82,8.81,8.94,8.95,8.98,9.0,9.02,9.05,9.06,9.08,9.09,9.1,4200,20800,1200,500,1800,4100,23600,25600,4300,6500,2600,1700,12400,200,600,1600,300,1000,3700,4300
224.0,8.94,63100,562662.0,8.92,8.91,8.9,8.88,8.87,8.85,8.84,8.83,8.82,8.81,8.94,8.95,8.98,9.0,9.02,9.05,9.06,9.08,9.09,9.1,4200,20800,1200,500,1800,4100,23600,25600,4300,6500,2600,1700,12400,200,600,1600,300,1000,3700,4300
225.0,8.94,63300,564450.0,8.92,8.91,8.9,8.88,8.87,8.85,8.84,8.83,8.82,8.81,8.94,8.95,8.98,9.0,9.02,9.05,9.06,9.08,9.09,9.1,4200,20800,1200,500,1800,4100,23600,25600,4300,6500,2400,1700,12400,200,600,1600,300,1000,3700,4300
226.0,8.94,63300,564450.0,8.92,8.91,8.9,8.88,8.87,8.85,8.84,8.83,8.82,8.81,8.94,8.95,8.98,9.0,9.02,9.05,9.06,9.08,9.09,9.1,4200,20800,1200,500,1800,4100,23600,25600,4300,6500,2400,1700,12400,200,600,1600,300,1000,3700,4300
227.0,8.94,63300,564450.0,8.93,8.92,8.91,8.9,8.88,8.87,8.85,8.84,8.83,8.82,8.94,8.95,8.98,9.0,9.02,9.05,9.06,9.08,9.09,9.1,1500,4200,20800,1200,500,1800,4100,23600,25600,4300,2400,1700,12400,200,600,1600,300,1000,3700,4300
228.0,8.93,65000,579633.0,8.92,8.91,8.9,8.88,8.87,8.85,8.84,8.83,8.82,8.81,8.93,8.94,8.95,8.98,9.0,9.02,9.05,9.06,9.08,9.09,4200,20800,1200,500,1800,4100,23600,25600,4300,6500,300,2200,1700,12400,200,600,1600,300,1000,3700
229.0,8.92,65400,583201.0,8.92,8.91,8.9,8.88,8.87,8.85,8.84,8.83,8.82,8.81,8.93,8.94,8.95,8.98,9.0,9.02,9.05,9.06,9.08,9.09,4100,20800,1200,500,1800,4100,23600,25600,4300,6500,300,2200,1700,12400,200,600,1600,300,1000,3700
230.0,8.93,65700,585880.0,8.92,8.91,8.9,8.88,8.87,8.85,8.84,8.83,8.82,8.81,8.94,8.95,8.98,9.0,9.02,9.05,9.06,9.08,9.09,9.1,5600,20800,1200,500,1800,4100,23600,25600,4300,6500,2200,1700,12400,200,600,1600,300,1000,3700,4300
231.0,8.93,65700,585880.0,8.92,8.91,8.9,8.88,8.87,8.85,8.84,8.83,8.82,8.81,8.94,8.95,8.98,9.0,9.02,9.05,9.06,9.08,9.09,9.1,5200,20800,1100,500,1800,4100,23600,25600,4300,6500,2300,1700,12400,200,600,1600,300,1000,3700,4300
232.0,8.92,66200,590340.0,8.92,8.91,8.9,8.88,8.87,8.85,8.84,8.83,8.82,8.81,8.94,8.95,8.98,9.0,9.02,9.05,9.06,9.08,9.09,9.1,4700,20800,1100,500,1800,4100,23600,25600,4300,6500,2300,1700,12400,200,600,1600,300,1000,3700,4300
233.0,8.92,66200,590340.0,8.92,8.91,8.9,8.88,8.87,8.85,8.84,8.83,8.82,8.81,8.94,8.95,8.98,9.0,9.02,9.05,9.06,9.08,9.09,9.1,4700,20800,1100,500,1800,4100,23600,25600,4300,6500,2300,1700,12400,200,600,1600,300,1000,3700,4300
234.0,8.92,66200,590340.0,8.92,8.91,8.9,8.88,8.87,8.85,8.84,8.83,8.82,8.81,8.94,8.95,8.96,8.98,9.0,9.02,9.05,9.06,9.08,9.09,4700,20800,1100,500,1800,4100,23600,25600,4300,6500,2300,1700,300,12400,200,600,1600,300,1000,3700
235.0,8.92,66600,593908.0,8.92,8.91,8.9,8.88,8.87,8.85,8.84,8.83,8.82,8.81,8.94,8.95,8.96,8.98,9.0,9.02,9.05,9.06,9.08,9.09,4300,20800,1100,500,1800,4100,23600,25600,4300,6500,2300,1700,300,12400,200,600,1600,300,1000,3700
236.0,8.92,66600,593908.0,8.92,8.91,8.9,8.88,8.87,8.85,8.84,8.83,8.82,8.81,8.94,8.95,8.96,8.98,9.0,9.02,9.05,9.06,9.08,9.09,4300,20800,1100,500,1800,4100,23600,25600,4300,6500,2300,1700,300,12400,200,600,1600,300,1000,3700
237.0,8.92,66600,593908.0,8.92,8.91,8.9,8.88,8.87,8.85,8.84,8.83,8.82,8.81,8.94,8.95,8.96,8.98,9.0,9.02,9.05,9.06,9.08,9.09,4300,20800,1100,500,1800,4100,23600,25600,4300,6500,2300,1700,300,12400,200,600,1600,300,1000,3700
238.0,8.92,67000,597476.0,8.92,8.91,8.9,8.88,8.87,8.85,8.84,8.83,8.82,8.81,8.94,8.95,8.96,8.98,9.0,9.02,9.05,9.06,9.08,9.09,3900,20800,1100,500,1800,4100,23600,25600,4300,6500,2300,1700,300,12400,200,600,1600,300,1000,3700
239.0,8.92,67000,597476.0,8.92,8.91,8.9,8.88,8.87,8.85,8.84,8.83,8.82,8.81,8.94,8.95,8.96,8.98,9.0,9.02,9.05,9.06,9.08,9.09,3900,20800,1100,500,1800,4100,23600,25600,4300,6500,2300,1700,300,12400,200,600,1600,300,1000,3700
240.0,8.94,67100,598370.0,8.92,8.91,8.9,8.88,8.87,8.85,8.84,8.83,8.82,8.81,8.94,8.95,8.96,8.98,9.0,9.02,9.05,9.06,9.08,9.09,3900,20800,1100,500,1800,4100,23600,25600,4300,6500,2200,1700,300,12400,200,600,1600,300,1000,3700
241.0,8.92,67400,601046.0,8.92,8.91,8.9,8.88,8.87,8.85,8.84,8.83,8.82,8.81,8.94,8.95,8.96,8.98,9.0,9.02,9.05,9.06,9.08,9.09,3600,20800,1300,500,1800,4100,23600,25600,4300,6500,2200,1700,300,12400,200,600,1600,300,1000,3700
242.0,8.92,67400,601046.0,8.92,8.91,8.9,8.88,8.87,8.85,8.84,8.83,8.82,8.81,8.93,8.94,8.95,8.96,8.98,9.0,9.02,9.05,9.06,9.08,3600,20800,1300,500,1800,4100,23600,25600,4300,6500,1100,2100,1700,300,12400,200,600,1600,300,1000
243.0,8.92,67400,601046.0,8.92,8.91,8.9,8.88,8.87,8.85,8.84,8.83,8.82,8.81,8.93,8.94,8.95,8.96,8.98,9.0,9.02,9.05,9.06,9.08,3600,20800,1300,500,1800,4100,23600,25600,4300,6500,1100,2100,1700,300,12400,200,600,1600,300,1000
244.0,8.92,67400,601046.0,8.92,8.91,8.9,8.88,8.87,8.85,8.84,8.83,8.82,8.81,8.93,8.94,8.95,8.96,8.98,9.0,9.02,9.05,9.06,9.08,3600,20800,1300,500,1800,4100,23600,25600,4300,6500,1100,2100,1700,300,12400,200,600,1600,300,1000
245.0,8.92,67700,603722.0,8.92,8.91,8.9,8.88,8.87,8.85,8.84,8.83,8.82,8.81,8.93,8.94,8.95,8.96,8.98,9.0,9.02,9.05,9.06,9.08,3300,20800,1300,500,1800,4100,23600,25600,4300,6500,1100,2100,1700,300,12400,200,600,1600,300,1000
246.0,8.92,67700,603722.0,8.92,8.91,8.9,8.88,8.87,8.85,8.84,8.83,8.82,8.81,8.93,8.94,8.95,8.96,8.98,9.0,9.02,9.05,9.06,9.08,3300,20800,1300,500,1800,4100,23600,25600,4300,6500,1100,2100,1700,300,400,200,600,1600,300,1000
247.0,8.93,68800,613545.0,8.92,8.91,8.9,8.88,8.87,8.85,8.84,8.83,8.82,8.81,8.94,8.95,8.96,8.98,9.0,9.02,9.05,9.06,9.08,9.09,3500,20800,1300,500,1800,4100,23600,25600,4300,6500,1900,1700,300,400,200,600,1600,300,1000,3700
248.0,8.92,69100,616221.0,8.93,8.92,8.91,8.9,8.88,8.87,8.85,8.84,8.83,8.82,8.94,8.95,8.96,8.98,9.0,9.02,9.05,9.06,9.08,9.09,1500,3200,20800,1300,500,1800,4100,23600,25600,4300,1900,1700,300,400,200,600,1600,300,1000,3700
249.0,8.92,69100,616221.0,8.93,8.92,8.91,8.9,8.88,8.87,8.85,8.84,8.83,8.82,8.94,8.95,8.96,8.98,9.0,9.02,9.05,9.06,9.08,9.09,1500,3200,20800,1300,500,1800,4100,23600,25600,4300,1900,1700,300,400,200,600,1600,300,1000,3700
250.0,8.92,69100,616221.0,8.93,8.92,8.91,8.9,8.88,8.87,8.85,8.84,8.83,8.82,8.94,8.95,8.96,8.98,9.0,9.02,9.05,9.06,9.08,9.09,1500,3200,20800,1300,500,1800,4100,23600,25600,4300,1900,1700,300,400,200,600,1600,300,1000,3700
251.0,8.92,69100,616221.0,8.93,8.92,8.91,8.9,8.88,8.87,8.85,8.84,8.83,8.82,8.94,8.95,8.96,8.98,9.0,9.02,9.05,9.06,9.08,9.09,1500,3200,20800,1300,500,1800,4100,23600,25600,4300,1900,1700,300,400,200,600,1600,300,1000,3700
252.0,8.94,69400,618903.0,8.93,8.92,8.91,8.9,8.88,8.87,8.85,8.84,8.83,8.82,8.94,8.95,8.96,8.98,9.0,9.02,9.05,9.06,9.08,9.09,1500,3200,20800,1300,500,1800,4100,23600,25600,4300,1600,1700,300,400,200,600,1600,300,1000,3700
253.0,8.94,69400,618903.0,8.93,8.92,8.91,8.9,8.88,8.87,8.85,8.84,8.83,8.82,8.94,8.95,8.96,8.98,9.0,9.02,9.05,9.06,9.08,9.09,1500,3200,20800,1300,500,1800,4100,23600,25600,4300,1600,1700,300,400,200,600,1600,300,1000,3700
254.0,8.94,69400,618903.0,8.93,8.92,8.91,8.9,8.88,8.87,8.85,8.84,8.83,8.82,8.94,8.95,8.96,8.98,9.0,9.02,9.05,9.06,9.08,9.09,1500,3200,20800,1300,500,1800,4100,23600,25600,4300,1600,1700,300,400,200,600,1600,300,1000,3700
255.0,8.93,69500,619796.0,8.93,8.92,8.91,8.9,8.88,8.87,8.85,8.84,8.83,8.82,8.94,8.95,8.96,8.98,9.0,9.02,9.05,9.06,9.08,9.09,1400,3200,20800,1300,500,1800,4100,23600,25600,4300,1600,1700,300,400,200,600,1600,300,1000,3700
256.0,8.93,69500,619796.0,8.93,8.92,8.91,8.9,8.88,8.87,8.85,8.84,8.83,8.82,8.94,8.95,8.96,8.98,9.0,9.02,9.05,9.06,9.08,9.09,1400,3200,20800,1300,500,1800,4100,23600,25600,4300,1600,1700,300,400,200,600,1600,300,1000,3700
257.0,8.93,69500,619796.0,8.93,8.92,8.91,8.9,8.88,8.87,8.85,8.84,8.83,8.82,8.94,8.95,8.96,8.98,9.0,9.02,9.05,9.06,9.08,9.09,1400,3200,20800,1300,500,1800,4100,23600,25600,4300,1600,1700,300,400,200,600,1600,300,1000,3700
258.0,8.93,69500,619796.0,8.93,8.92,8.91,8.9,8.88,8.87,8.85,8.84,8.83,8.82,8.94,8.95,8.96,8.98,9.0,9.02,9.05,9.06,9.08,9.09,1400,3200,20800,1300,500,1800,4100,23600,25600,4300,1600,1700,300,400,200,600,1600,300,1000,3700
259.0,8.93,69500,619796.0,8.93,8.92,8.91,8.9,8.88,8.87,8.85,8.84,8.83,8.82,8.94,8.95,8.96,8.98,9.0,9.02,9.05,9.06,9.08,9.09,1400,3200,20800,1300,500,1800,4100,23600,25600,4300,1600,1700,300,400,200,600,1600,300,1000,3700
260.0,8.93,69500,619796.0,8.93,8.92,8.91,8.9,8.88,8.87,8.85,8.84,8.83,8.82,8.94,8.95,8.96,8.98,9.0,9.02,9.05,9.06,9.08,9.09,1400,3200,20800,1300,500,1800,4100,23600,25600,4300,1600,1700,300,400,200,600,1600,300,1000,3700
261.0,8.93,69600,620689.0,8.93,8.92,8.91,8.9,8.88,8.87,8.85,8.84,8.83,8.82,8.94,8.95,8.96,8.98,9.0,9.02,9.05,9.06,9.08,9.09,1300,2400,20800,1300,500,1800,4100,23600,25600,4300,1600,1700,300,400,200,600,1600,300,1000,3700
262.0,8.93,69600,620689.0,8.93,8.92,8.91,8.9,8.88,8.87,8.85,8.84,8.83,8.82,8.94,8.95,8.96,8.98,9.0,9.02,9.05,9.06,9.08,9.09,1300,2400,20800,1300,500,1800,4100,23600,25600,4300,1600,1700,300,400,200,600,1600,300,1000,3700
263.0,8.93,70100,625154.0,8.93,8.92,8.91,8.9,8.88,8.87,8.85,8.84,8.83,8.82,8.94,8.95,8.96,8.98,9.0,9.02,9.05,9.06,9.08,9.09,800,2400,20800,1300,500,1800,4100,23600,25600,4300,1600,1700,300,400,200,600,1600,300,1000,3700
264.0,8.93,70800,631408.0,8.93,8.92,8.91,8.9,8.88,8.87,8.85,8.84,8.83,8.82,8.94,8.95,8.96,8.98,9.0,9.02,9.05,9.06,9.08,9.09,400,2400,20800,1300,500,1800,4100,23600,25600,4300,1300,1700,300,400,200,600,1600,300,1000,3700
265.0,8.93,70800,631408.0,8.93,8.92,8.91,8.9,8.88,8.87,8.85,8.84,8.83,8.82,8.94,8.95,8.96,8.98,9.0,9.02,9.05,9.06,9.08,9.09,400,2400,20800,1300,500,1800,4100,23600,25600,4300,1300,1700,300,400,200,600,1600,300,1000,3700
266.0,8.93,71200,634980.0,8.92,8.91,8.9,8.88,8.87,8.85,8.84,8.83,8.82,8.81,8.93,8.94,8.95,8.96,8.98,9.0,9.02,9.05,9.06,9.08,2400,20800,1300,500,1800,4100,23600,25600,4300,6500,4900,1200,1700,300,400,200,600,1600,300,1000
267.0,8.93,71200,634980.0,8.92,8.91,8.9,8.88,8.87,8.85,8.84,8.83,8.82,8.81,8.93,8.94,8.95,8.96,8.98,9.0,9.02,9.05,9.06,9.08,2400,20800,1300,500,1800,4100,23600,25600,4300,6500,4900,1200,1700,300,400,200,600,1600,300,1000
268.0,8.92,71400,636764.0,8.92,8.91,8.9,8.88,8.87,8.85,8.84,8.83,8.82,8.81,8.93,8.94,8.95,8.96,8.98,9.0,9.02,9.05,9.06,9.08,2200,20800,1300,500,1800,4100,23600,25600,4300,6500,4900,1200,1700,300,400,200,600,1600,300,1000
269.0,8.92,71600,638548.0,8.92,8.91,8.9,8.88,8.87,8.85,8.84,8.83,8.82,8.81,8.93,8.94,8.95,8.96,8.98,9.0,9.02,9.05,9.06,9.08,2000,20800,1300,500,1800,4100,23600,25600,4300,6500,4900,1200,1700,300,400,200,600,1600,300,1000
270.0,8.92,71700,639440.0,8.92,8.91,8.9,8.88,8.87,8.85,8.84,8.83,8.82,8.81,8.93,8.94,8.95,8.96,8.98,9.0,9.02,9.05,9.06,9.08,1900,20800,1300,500,1800,4100,23600,25600,4300,6500,4900,1200,1700,300,400,200,600,1600,300,1000
271.0,8.92,71700,639440.0,8.92,8.91,8.9,8.88,8.87,8.85,8.84,8.83,8.82,8.81,8.93,8.94,8.95,8.96,8.98,9.0,9.02,9.05,9.06,9.08,1900,20800,1300,500,1800,4100,23600,25600,4300,6500,4900,1200,1700,300,400,200,600,1600,300,1000
272.0,8.92,71700,639440.0,8.92,8.91,8.9,8.88,8.87,8.85,8.84,8.83,8.82,8.81,8.93,8.94,8.95,8.96,8.98,9.0,9.02,9.05,9.06,9.08,1900,20800,1300,500,2300,4100,23600,25600,4300,6500,1100,1200,1700,300,400,200,600,1600,300,1000
273.0,8.92,71800,640332.0,8.92,8.91,8.9,8.88,8.87,8.85,8.84,8.83,8.82,8.81,8.93,8.94,8.95,8.96,8.98,9.0,9.02,9.05,9.06,9.08,1800,20800,1300,500,2300,4100,23600,25600,4300,6500,900,1200,1700,300,400,200,600,1600,300,1000
274.0,8.92,71800,640332.0,8.92,8.91,8.9,8.88,8.87,8.85,8.84,8.83,8.82,8.81,8.93,8.94,8.95,8.96,8.98,9.0,9.02,9.05,9.06,9.08,1800,20800,1300,500,2300,4100,23600,25600,4300,6500,900,1200,1700,300,400,200,600,1600,300,1000
275.0,8.93,71900,641225.0,8.92,8.91,8.9,8.88,8.87,8.85,8.84,8.83,8.82,8.81,8.93,8.94,8.95,8.96,8.98,9.0,9.02,9.05,9.06,9.08,1800,20800,1300,500,2300,4100,23600,25600,4300,6500,1100,1200,1700,300,400,1600,600,1600,300,1000
276.0,8.93,71900,641225.0,8.92,8.91,8.9,8.88,8.87,8.85,8.84,8.83,8.82,8.81,8.93,8.94,8.95,8.96,8.98,9.0,9.02,9.05,9.06,9.08,1800,20800,1300,500,2300,4100,23600,25600,4300,6500,1100,1200,1700,300,400,1600,600,1600,300,1000
277.0,8.92,72000,642117.0,8.92,8.91,8.9,8.88,8.87,8.85,8.84,8.83,8.82,8.81,8.93,8.94,8.95,8.96,8.98,9.0,9.02,9.05,9.06,9.08,1700,20800,1300,500,2300,4100,23600,25600,4300,6500,1100,1200,1700,300,400,1600,600,1600,300,1000
278.0,8.93,72100,643010.0,8.92,8.91,8.9,8.88,8.87,8.85,8.84,8.83,8.82,8.81,8.93,8.94,8.95,8.96,8.98,9.0,9.02,9.05,9.06,9.08,1700,20800,1300,500,2300,4100,23600,25600,4300,6500,1300,1200,1700,300,400,1600,600,1600,300,1000
279.0,8.93,72100,643010.0,8.92,8.91,8.9,8.88,8.87,8.85,8.84,8.83,8.82,8.81,8.93,8.94,8.95,8.96,8.98,9.0,9.02,9.05,9.06,9.08,1700,20800,1300,500,2300,4100,23600,25600,4300,6500,1300,1200,1700,300,400,1600,600,1600,300,1000
280.0,8.93,72100,643010.0,8.92,8.91,8.9,8.88,8.87,8.85,8.84,8.83,8.82,8.81,8.93,8.94,8.95,8.96,8.98,9.0,9.02,9.05,9.06,9.08,1700,20800,1300,500,2300,4100,23600,25600,4300,6500,1300,1200,1700,300,400,1600,600,1600,300,1000
281.0,8.93,72200,643903.0,8.92,8.91,8.9,8.88,8.87,8.85,8.84,8.83,8.82,8.81,8.93,8.94,8.95,8.96,8.98,9.0,9.02,9.05,9.06,9.08,1700,20800,1300,500,2300,4100,23600,25600,4300,6500,1200,1200,1700,300,400,1600,600,1600,300,1000
282.0,8.93,72300,644796.0,8.92,8.91,8.9,8.88,8.87,8.85,8.84,8.83,8.82,8.81,8.93,8.94,8.95,8.96,8.98,9.0,9.02,9.05,9.06,9.08,1700,20800,1300,500,2300,4100,23600,25600,4300,6500,1700,1200,1700,300,400,1600,600,1600,300,1000
283.0,8.93,72300,644796.0,8.92,8.91,8.9,8.88,8.87,8.85,8.84,8.83,8.82,8.81,8.93,8.94,8.95,8.96,8.98,9.0,9.02,9.05,9.06,9.08,1700,20800,1300,500,2300,4100,23600,25600,4300,6500,1700,1200,1700,300,400,1600,600,1600,300,1000
284.0,8.93,72300,644796.0,8.92,8.91,8.9,8.88,8.87,8.85,8.84,8.83,8.82,8.81,8.93,8.94,8.95,8.96,8.98,9.0,9.02,9.05,9.06,9.08,1700,20800,1300,500,2300,4100,23600,25600,4300,6500,1700,1200,1700,300,400,1600,600,1600,300,1000
285.0,8.93,72300,644796.0,8.92,8.91,8.9,8.88,8.87,8.85,8.84,8.83,8.82,8.81,8.93,8.94,8.95,8.96,8.98,9.0,9.02,9.05,9.06,9.08,1700,20800,1300,500,2300,4100,23600,25600,4300,6500,1700,1200,1700,300,400,1600,600,1600,300,1000
286.0,8.93,72300,644796.0,8.92,8.91,8.9,8.88,8.87,8.85,8.84,8.83,8.82,8.81,8.93,8.94,8.95,8.96,8.98,9.0,9.02,9.05,9.06,9.08,1700,20800,1300,500,2300,4100,23600,25600,4300,6500,1700,1200,1700,300,400,1600,600,1600,300,1000
287.0,8.93,72300,644796.0,8.92,8.91,8.9,8.88,8.87,8.85,8.84,8.83,8.82,8.81,8.93,8.94,8.95,8.96,8.98,9.0,9.02,9.05,9.06,9.08,1700,20800,1300,500,2300,4100,23600,25600,4300,6500,1700,1200,1700,300,400,1600,600,1600,300,1000
288.0,8.93,72500,646581.0,8.92,8.91,8.9,8.88,8.87,8.85,8.84,8.83,8.82,8.81,8.93,8.94,8.95,8.96,8.98,9.0,9.02,9.05,9.06,9.08,1600,20800,1300,500,2300,4100,23600,25600,4300,6500,1600,1200,1700,300,400,1600,600,1600,300,1000
289.0,8.93,73600,656404.0,8.92,8.91,8.9,8.88,8.87,8.85,8.84,8.83,8.82,8.81,8.93,8.94,8.95,8.96,8.98,9.0,9.02,9.05,9.06,9.08,1600,20800,1300,500,2300,4100,23600,25600,4300,6500,500,1200,1700,300,400,1600,600,1600,300,1000
290.0,8.93,73600,656404.0,8.92,8.91,8.9,8.88,8.87,8.85,8.84,8.83,8.82,8.81,8.93,8.94,8.95,8.96,8.98,9.0,9.02,9.05,9.06,9.08,1600,20800,1300,500,2300,4100,23600,25600,4300,6500,500,1200,1700,300,400,1600,600,1600,300,1000
291.0,8.92,73800,658188.0,8.92,8.91,8.9,8.88,8.87,8.85,8.84,8.83,8.82,8.81,8.93,8.94,8.95,8.96,8.98,9.0,9.02,9.05,9.06,9.08,1400,20800,1300,500,2300,4100,23600,25600,4300,6500,500,1200,1700,300,400,1600,600,1600,300,1000
292.0,8.92,73900,659080.0,8.92,8.91,8.9,8.88,8.87,8.85,8.84,8.83,8.82,8.81,8.93,8.94,8.95,8.96,8.98,9.0,9.02,9.05,9.06,9.08,1300,20800,1300,500,2300,4100,23600,25600,4300,6500,500,1200,1700,300,400,1600,600,1600,300,1000
293.0,8.92,73900,659080.0,8.92,8.91,8.9,8.88,8.87,8.85,8.84,8.83,8.82,8.81,8.93,8.94,8.95,8.96,8.98,9.0,9.02,9.05,9.06,9.08,1600,20800,1300,500,2300,4100,23600,25600,4300,6500,500,1200,1700,300,400,1600,600,1600,300,1000
294.0,8.92,73900,659080.0,8.92,8.91,8.9,8.88,8.87,8.85,8.84,8.83,8.82,8.81,8.93,8.94,8.95,8.96,8.98,9.0,9.02,9.05,9.06,9.08,1600,20800,1300,500,2300,4100,23600,25600,4300,6500,500,1200,1700,300,400,1600,600,1600,300,1000
295.0,8.92,74000,659972.0,8.92,8.91,8.9,8.88,8.87,8.85,8.84,8.83,8.82,8.81,8.93,8.94,8.95,8.96,8.98,9.0,9.02,9.05,9.06,9.08,1500,20800,1300,500,2300,4100,23600,25600,4300,6500,500,1200,1700,300,400,1600,600,1600,300,1000
296.0,8.92,74000,659972.0,8.92,8.91,8.9,8.88,8.87,8.85,8.84,8.83,8.82,8.81,8.93,8.94,8.95,8.96,8.98,9.0,9.02,9.05,9.06,9.08,1800,20800,1300,500,2300,4100,23600,25600,4300,6500,500,1200,1700,300,400,1600,600,1600,300,1000
297.0,8.92,74000,659972.0,8.92,8.91,8.9,8.88,8.87,8.85,8.84,8.83,8.82,8.81,8.93,8.94,8.95,8.96,8.98,9.0,9.02,9.05,9.06,9.08,1800,20800,1300,500,2300,4100,23600,25600,4300,6500,500,1200,1700,300,400,1600,600,1600,300,1000
298.0,8.93,74200,661757.0,8.92,8.91,8.9,8.88,8.87,8.85,8.84,8.83,8.82,8.81,8.93,8.94,8.95,8.96,8.98,9.0,9.02,9.05,9.06,9.08,3900,20800,1300,500,2300,4100,23600,25600,4300,6500,400,1200,1700,300,400,1600,600,1600,300,1000
299.0,8.93,74200,661757.0,8.92,8.91,8.9,8.88,8.87,8.85,8.84,8.83,8.82,8.81,8.93,8.94,8.95,8.96,8.98,9.0,9.02,9.05,9.06,9.08,4200,20800,1300,500,2300,4100,23600,25600,4300,6500,400,1200,1700,300,400,1600,600,1600,300,1000
300.0,8.93,74200,661757.0,8.92,8.91,8.9,8.88,8.87,8.85,8.84,8.83,8.82,8.81,8.93,8.94,8.95,8.96,8.98,9.0,9.02,9.05,9.06,9.08,4200,20100,1300,500,2300,4100,23600,25600,4300,6500,400,1200,1700,300,400,1600,600,1600,300,1000
301.0,8.93,74200,661757.0,8.92,8.91,8.9,8.88,8.87,8.85,8.84,8.83,8.82,8.81,8.93,8.94,8.95,8.96,8.98,9.0,9.02,9.05,9.06,9.08,4200,20100,1300,500,2300,4100,23600,25600,4300,6500,400,1200,1700,300,400,1600,600,1600,300,1000
302.0,8.92,74600,665325.0,8.92,8.91,8.9,8.88,8.87,8.85,8.84,8.83,8.82,8.81,8.93,8.94,8.95,8.96,8.98,9.0,9.02,9.05,9.06,9.08,3800,20100,1300,500,2300,4100,23600,25600,4300,6500,400,1200,1700,300,400,1600,600,1600,300,1000
303.0,8.92,74600,665325.0,8.92,8.91,8.9,8.88,8.87,8.85,8.84,8.83,8.82,8.81,8.93,8.94,8.95,8.96,8.98,9.0,9.02,9.05,9.06,9.08,4100,20100,2300,500,2300,4100,23600,25600,4300,6500,400,1200,1700,300,400,1600,600,1600,300,1000
304.0,8.92,74600,665325.0,8.92,8.91,8.9,8.88,8.87,8.85,8.84,8.83,8.82,8.81,8.93,8.94,8.95,8.96,8.98,9.0,9.02,9.05,9.06,9.08,4100,20100,2300,500,2300,4100,23600,25600,4300,6500,400,1200,1700,300,400,1600,600,1600,300,1000
305.0,8.92,75000,668893.0,8.92,8.91,8.9,8.88,8.87,8.85,8.84,8.83,8.82,8.81,8.93,8.94,8.95,8.96,8.98,9.0,9.02,9.05,9.06,9.08,3700,20100,2300,500,2300,4100,23600,25600,4300,6500,400,1200,1700,300,400,1600,600,1600,300,1000
306.0,8.92,75000,668893.0,8.92,8.91,8.9,8.88,8.87,8.85,8.84,8.83,8.82,8.81,8.93,8.94,8.95,8.96,8.98,9.0,9.02,9.05,9.06,9.08,3700,20100,2300,500,2300,4100,23600,25600,4300,6500,400,1200,1700,300,400,1600,600,1600,300,1000
307.0,8.92,75000,668893.0,8.92,8.91,8.9,8.88,8.87,8.85,8.84,8.83,8.82,8.81,8.93,8.94,8.95,8.96,8.98,9.0,9.02,9.05,9.06,9.08,3700,20100,2300,500,2300,4100,23600,25600,4300,6500,400,1200,1700,300,400,1600,600,1600,300,1000
308.0,8.92,75300,671569.0,8.92,8.91,8.9,8.88,8.87,8.85,8.84,8.83,8.82,8.81,8.93,8.94,8.95,8.96,8.98,9.0,9.02,9.05,9.06,9.08,3400,20100,2300,500,2300,4100,23600,25600,4300,6500,400,1200,1700,300,400,1600,600,1600,300,1000
309.0,8.92,75300,671569.0,8.92,8.91,8.9,8.88,8.87,8.85,8.84,8.83,8.82,8.81,8.93,8.94,8.95,8.96,8.98,9.0,9.02,9.05,9.06,9.08,3400,20100,2300,500,2300,4100,23600,25600,4300,6500,400,1200,1700,300,400,1600,600,1600,300,1000
310.0,8.93,76100,678707.0,8.92,8.91,8.9,8.88,8.87,8.85,8.84,8.83,8.82,8.81,8.93,8.94,8.95,8.96,8.98,9.0,9.02,9.05,9.06,9.08,2800,20100,2300,500,2300,4100,23600,25600,4300,6500,200,1200,1700,300,400,1600,600,1600,300,1000
311.0,8.94,76900,685853.0,8.92,8.91,8.9,8.88,8.87,8.85,8.84,8.83,8.82,8.81,8.94,8.95,8.96,8.98,9.0,9.02,9.05,9.06,9.08,9.09,3000,20100,2300,500,2300,4100,23600,25600,4300,6500,800,1700,300,400,1600,600,1600,300,1000,3700
312.0,8.94,76900,685853.0,8.92,8.91,8.9,8.88,8.87,8.85,8.84,8.83,8.82,8.81,8.94,8.95,8.96,8.98,9.0,9.02,9.05,9.06,9.08,9.09,3000,20100,2300,500,2300,4100,23600,25600,4300,6500,800,1700,300,400,1600,600,1600,300,1000,3700
313.0,8.94,76900,685853.0,8.93,8.92,8.91,8.9,8.88,8.87,8.85,8.84,8.83,8.82,8.94,8.95,8.96,8.98,9.0,9.02,9.05,9.06,9.08,9.09,200,3000,20100,2300,500,2300,4100,23600,25600,4300,800,1700,300,400,1600,600,1600,300,1000,3700
314.0,8.94,76900,685853.0,8.93,8.92,8.91,8.9,8.88,8.87,8.85,8.84,8.83,8.82,8.94,8.95,8.96,8.98,9.0,9.02,9.05,9.06,9.08,9.09,200,3000,20100,2300,500,2300,4100,23600,25600,4300,800,1700,300,400,1600,600,1600,300,1000,3700
315.0,8.94,76900,685853.0,8.93,8.92,8.91,8.9,8.88,8.87,8.85,8.84,8.83,8.82,8.94,8.95,8.96,8.98,9.0,9.02,9.05,9.06,9.08,9.09,200,3000,20100,2300,500,2300,4100,23600,25600,4300,800,1700,300,400,1600,600,1600,300,1000,3700
316.0,8.94,76900,685853.0,8.93,8.92,8.91,8.9,8.88,8.87,8.85,8.84,8.83,8.82,8.94,8.95,8.96,8.98,9.0,9.02,9.05,9.06,9.08,9.09,200,3000,20100,2300,500,2300,4100,23600,25600,4300,800,1700,300,400,1600,600,1600,300,1000,3700
317.0,8.94,76900,685853.0,8.93,8.92,8.91,8.9,8.88,8.87,8.85,8.84,8.83,8.82,8.94,8.95,8.96,8.98,9.0,9.02,9.05,9.06,9.08,9.09,200,3000,20100,2300,500,2300,4100,23600,25600,4300,1000,1700,300,400,1600,600,1600,300,1000,3700
318.0,8.94,76900,685853.0,8.93,8.92,8.91,8.9,8.88,8.87,8.85,8.84,8.83,8.82,8.94,8.95,8.96,8.98,9.0,9.02,9.05,9.06,9.08,9.09,200,3000,20100,2300,500,2300,4100,23600,25600,4300,1000,1700,300,400,1600,600,1600,300,1000,3700
319.0,8.94,76900,685853.0,8.93,8.92,8.91,8.9,8.88,8.87,8.85,8.84,8.83,8.82,8.94,8.95,8.96,8.98,9.0,9.02,9.05,9.06,9.08,9.09,200,3000,20100,2300,500,2300,4100,23600,25600,4300,1000,1700,300,400,1600,600,1600,300,1000,3700
320.0,8.93,77100,687639.0,8.92,8.91,8.9,8.88,8.87,8.85,8.84,8.83,8.82,8.81,8.93,8.94,8.95,8.96,8.98,9.0,9.02,9.05,9.06,9.08,3000,20100,2300,500,2300,4100,23600,25600,4300,6500,200,900,1700,300,400,1600,600,1600,300,1000
321.0,8.92,77800,693883.0,8.92,8.91,8.9,8.88,8.87,8.85,8.84,8.83,8.82,8.81,8.93,8.94,8.95,8.96,8.98,9.0,9.02,9.05,9.06,9.08,2300,20100,2300,500,2300,4100,23600,25600,4300,6500,200,800,1700,300,400,1600,600,1600,300,1000
322.0,8.92,78200,697451.0,8.92,8.91,8.9,8.88,8.87,8.85,8.84,8.83,8.82,8.81,8.93,8.94,8.95,8.96,8.98,9.0,9.02,9.05,9.06,9.08,1900,20100,2300,500,2300,4100,23600,25600,4300,6500,300,800,1700,300,400,1600,600,1100,300,1000
323.0,8.92,78300,698343.0,8.92,8.91,8.9,8.88,8.87,8.85,8.84,8.83,8.82,8.81,8.93,8.94,8.95,8.96,8.98,9.0,9.02,9.05,9.06,9.08,1800,20100,2300,500,2300,4100,23600,25600,4300,6500,200,800,1700,300,400,1600,600,1100,300,1000
324.0,8.92,78300,698343.0,8.92,8.91,8.9,8.88,8.87,8.85,8.84,8.83,8.82,8.81,8.93,8.94,8.95,8.96,8.98,9.0,9.02,9.05,9.06,9.08,1800,20100,2300,500,2300,4100,23600,25600,4300,6500,200,800,1700,300,400,1600,600,1100,300,1000
325.0,8.92,78300,698343.0,8.92,8.91,8.9,8.88,8.87,8.85,8.84,8.83,8.82,8.81,8.93,8.94,8.95,8.96,8.98,9.0,9.02,9.05,9.06,9.08,1800,20100,2300,500,2300,4100,23600,25600,4300,6500,200,800,1700,300,400,1600,600,1100,300,1000
326.0,8.92,78300,698343.0,8.92,8.91,8.9,8.88,8.87,8.85,8.84,8.83,8.82,8.81,8.93,8.94,8.95,8.96,8.98,9.0,9.02,9.05,9.06,9.08,1800,20100,2300,500,2300,4100,23600,25600,4300,6500,200,800,1700,300,400,1600,600,1100,300,1000
327.0,8.92,78300,698343.0,8.92,8.91,8.9,8.88,8.87,8.85,8.84,8.83,8.82,8.81,8.93,8.94,8.95,8.96,8.98,9.0,9.02,9.05,9.06,9.08,5800,20100,2300,500,2300,4100,23600,25600,4300,6500,100,800,1700,300,400,1600,600,1100,300,1000
328.0,8.92,78300,698343.0,8.92,8.91,8.9,8.88,8.87,8.85,8.84,8.83,8.82,8.81,8.93,8.94,8.95,8.96,8.98,9.0,9.02,9.05,9.06,9.08,5800,20100,2300,500,2300,4100,23600,25600,4300,6500,100,800,1700,300,400,1600,600,1100,300,1000
329.0,8.92,80700,719751.0,8.92,8.91,8.9,8.88,8.87,8.85,8.84,8.83,8.82,8.81,8.93,8.94,8.95,8.96,8.98,9.0,9.02,9.05,9.06,9.08,4200,20100,2300,500,2300,4100,23600,25600,4300,6500,100,800,1700,300,400,1600,600,1100,300,1000
330.0,8.92,81100,723319.0,8.92,8.91,8.9,8.88,8.87,8.85,8.84,8.83,8.82,8.81,8.93,8.94,8.95,8.96,8.98,9.0,9.02,9.05,9.06,9.08,3600,20100,2300,500,2300,4100,23600,25600,4300,6500,100,800,1700,300,400,1600,600,1100,300,1000
331.0,8.92,81100,723319.0,8.92,8.91,8.9,8.88,8.87,8.85,8.84,8.83,8.82,8.81,8.93,8.94,8.95,8.96,8.98,9.0,9.02,9.05,9.06,9.08,3600,20100,2300,500,2300,4100,23600,25600,4300,6500,100,800,1700,300,400,1600,600,1100,300,1000
332.0,8.92,81400,725995.0,8.92,8.91,8.9,8.88,8.87,8.85,8.84,8.83,8.82,8.81,8.93,8.94,8.95,8.96,8.98,9.0,9.02,9.05,9.06,9.08,3300,20100,2300,500,2300,4100,23600,25600,4300,6500,100,800,1700,300,900,1600,600,1100,300,1000
333.0,8.92,82000,731347.0,8.92,8.91,8.9,8.88,8.87,8.85,8.84,8.83,8.82,8.81,8.93,8.94,8.95,8.96,8.98,9.0,9.02,9.05,9.06,9.08,2700,20100,2300,500,2300,4100,23600,25600,4300,6500,100,800,1700,300,900,1600,600,1100,300,1000
334.0,8.92,82000,731347.0,8.92,8.91,8.9,8.88,8.87,8.85,8.84,8.83,8.82,8.81,8.93,8.94,8.95,8.96,8.98,9.0,9.02,9.05,9.06,9.08,2700,20100,2300,500,2300,4100,23600,25600,4300,6500,100,800,1700,300,900,1600,600,1100,300,1000
335.0,8.92,82200,733131.0,8.92,8.91,8.9,8.88,8.87,8.85,8.84,8.83,8.82,8.81,8.93,8.94,8.95,8.96,8.98,9.0,9.02,9.05,9.06,9.08,2500,20100,2300,500,2300,4100,23600,25600,4300,6500,100,800,1700,300,900,1600,600,1100,300,1000
336.0,8.92,82200,733131.0,8.92,8.91,8.9,8.88,8.87,8.85,8.84,8.83,8.82,8.81,8.93,8.94,8.95,8.96,8.98,9.0,9.02,9.05,9.06,9.08,2500,20100,2300,500,2300,4100,23600,25600,4300,6500,100,800,1700,300,900,1600,600,1100,300,1000
337.0,8.92,82200,733131.0,8.92,8.91,8.9,8.88,8.87,8.85,8.84,8.83,8.82,8.81,8.93,8.94,8.95,8.96,8.98,9.0,9.02,9.05,9.06,9.08,2500,20100,2300,500,2300,4100,23600,25600,4300,6500,100,800,1700,300,900,1600,600,1100,300,1000
338.0,8.92,82400,734915.0,8.92,8.91,8.9,8.88,8.87,8.85,8.84,8.83,8.82,8.81,8.93,8.94,8.95,8.96,8.98,9.0,9.02,9.05,9.06,9.08,2300,20100,2300,500,2300,4100,23600,25600,4300,6500,100,800,1700,300,900,1600,600,1100,300,1000
339.0,8.92,82400,734915.0,8.92,8.91,8.9,8.88,8.87,8.85,8.84,8.83,8.82,8.81,8.93,8.94,8.95,8.96,8.98,9.0,9.02,9.05,9.06,9.08,2300,20100,2300,500,2300,4100,23600,25600,4300,6500,100,800,1700,300,900,1600,600,1100,300,1000
340.0,8.92,82400,734915.0,8.92,8.91,8.9,8.88,8.87,8.85,8.84,8.83,8.82,8.81,8.93,8.94,8.95,8.96,8.98,9.0,9.02,9.05,9.06,9.08,2300,20100,2300,500,2300,4100,23600,25600,4300,6500,100,800,1700,300,900,1600,600,1100,300,1000
341.0,8.92,82600,736699.0,8.92,8.91,8.9,8.88,8.87,8.85,8.84,8.83,8.82,8.81,8.93,8.94,8.95,8.96,8.98,9.0,9.02,9.05,9.06,9.08,2100,20100,2300,500,2300,4100,23600,25600,4300,6500,100,800,1700,300,900,1600,600,1100,300,1000
342.0,8.93,83600,745629.0,8.92,8.91,8.9,8.88,8.87,8.85,8.84,8.83,8.82,8.81,8.93,8.94,8.95,8.96,8.98,9.0,9.02,9.05,9.06,9.08,2100,20100,2300,500,2300,4100,23600,25600,4300,6500,400,1200,1700,300,900,1600,600,1100,300,1000
343.0,8.93,83600,745629.0,8.92,8.91,8.9,8.88,8.87,8.85,8.84,8.83,8.82,8.81,8.94,8.95,8.96,8.98,9.0,9.02,9.05,9.06,9.08,9.09,2100,19900,2300,500,2300,4100,23600,25600,4300,6500,1800,1700,300,900,1600,600,1100,300,1000,3700
344.0,8.91,85900,766144.0,8.91,8.9,8.88,8.87,8.85,8.84,8.83,8.82,8.81,8.8,8.92,8.93,8.94,8.95,8.96,8.98,9.0,9.02,9.05,9.06,19800,2300,500,2300,4100,23600,25600,4300,6500,22200,3200,400,1400,1700,300,900,1600,600,1100,300
345.0,8.92,90200,804467.0,8.91,8.9,8.88,8.87,8.85,8.84,8.83,8.82,8.81,8.8,8.92,8.93,8.94,8.95,8.96,8.98,9.0,9.02,9.05,9.06,16500,2300,500,2300,4100,23600,25600,4300,6500,22200,2300,400,1400,1700,300,900,1600,600,1100,300
346.0,8.92,90200,804467.0,8.91,8.9,8.88,8.87,8.85,8.84,8.83,8.82,8.81,8.8,8.92,8.93,8.94,8.95,8.96,8.98,9.0,9.02,9.05,9.06,16500,2300,500,2300,4100,23600,25600,4300,6500,22200,2300,400,1400,1700,300,900,1600,600,1100,300
347.0,8.92,90400,806251.0,8.91,8.9,8.88,8.87,8.85,8.84,8.83,8.82,8.81,8.8,8.92,8.93,8.94,8.95,8.96,8.98,9.0,9.02,9.05,9.06,16500,2300,500,2300,4100,23600,25600,4300,6500,22200,6100,400,1400,1700,300,900,1600,600,1100,300
348.0,8.91,91500,816052.0,8.91,8.9,8.88,8.87,8.85,8.84,8.83,8.82,8.81,8.8,8.92,8.93,8.94,8.95,8.96,8.98,9.0,9.02,9.05,9.06,15400,2300,500,2300,4100,23600,25600,4300,6500,22200,6000,400,1400,1700,300,900,1600,600,1100,300
349.0,8.91,91500,816052.0,8.91,8.9,8.88,8.87,8.85,8.84,8.83,8.82,8.81,8.8,8.92,8.93,8.94,8.95,8.96,8.98,9.0,9.02,9.05,9.06,15400,2300,500,2300,4100,23600,25600,4300,6500,22200,6000,800,1400,1700,300,900,1600,600,1100,300
350.0,8.91,91500,816052.0,8.91,8.9,8.88,8.87,8.85,8.84,8.83,8.82,8.81,8.8,8.92,8.93,8.94,8.95,8.96,8.98,9.0,9.02,9.05,9.06,15400,2300,500,2300,4100,23600,25600,4300,6500,22200,6000,800,1400,1700,300,900,1600,600,1100,300
351.0,8.91,92600,825853.0,8.91,8.9,8.88,8.87,8.85,8.84,8.83,8.82,8.81,8.8,8.92,8.93,8.94,8.95,8.96,8.98,9.0,9.02,9.05,9.06,14300,2300,500,2300,4100,23600,25600,4300,6500,22200,6000,800,1400,1700,300,900,1600,600,1100,300
352.0,8.91,96400,859711.0,8.91,8.9,8.88,8.87,8.85,8.84,8.83,8.82,8.81,8.8,8.92,8.93,8.94,8.95,8.96,8.98,9.0,9.02,9.05,9.06,10500,2300,500,2300,4100,23600,25600,4300,6500,22200,7400,600,1400,1700,300,900,1600,600,1100,300
353.0,8.91,96400,859711.0,8.91,8.9,8.88,8.87,8.85,8.84,8.83,8.82,8.81,8.8,8.92,8.93,8.94,8.95,8.96,8.98,9.0,9.02,9.05,9.06,10500,2300,500,2300,4100,23600,25600,4300,6500,22200,4100,600,1400,1700,300,900,1600,600,1100,300
354.0,8.91,97500,869513.0,8.91,8.9,8.88,8.87,8.85,8.84,8.83,8.82,8.81,8.8,8.92,8.93,8.94,8.95,8.96,8.98,9.0,9.02,9.05,9.06,9500,2300,500,2300,4100,23600,25600,4300,6500,22200,4000,600,1400,1700,300,900,1600,600,1100,300
355.0,8.92,97900,873081.0,8.91,8.9,8.88,8.87,8.85,8.84,8.83,8.82,8.81,8.8,8.92,8.93,8.94,8.95,8.96,8.98,9.0,9.02,9.05,9.06,9500,2300,500,2300,4100,23600,25600,4300,6500,22200,3600,600,1400,1700,300,900,1600,600,1100,300
356.0,8.92,97900,873081.0,8.91,8.9,8.88,8.87,8.85,8.84,8.83,8.82,8.81,8.8,8.92,8.93,8.94,8.95,8.96,8.98,9.0,9.02,9.05,9.06,9500,2300,500,2300,4100,23600,25600,4300,6500,22200,3600,600,1400,1700,300,900,1600,600,1100,300
357.0,8.91,99500,887344.0,8.91,8.9,8.88,8.87,8.85,8.84,8.83,8.82,8.81,8.8,8.92,8.93,8.94,8.95,8.96,8.98,9.0,9.02,9.05,9.06,9900,2300,500,2300,4100,23600,25600,4300,6500,22200,2900,600,1400,1700,300,900,1600,600,1100,300
358.0,8.91,99500,887344.0,8.91,8.9,8.88,8.87,8.85,8.84,8.83,8.82,8.81,8.8,8.92,8.93,8.94,8.95,8.96,8.98,9.0,9.02,9.05,9.06,9900,2300,500,2300,4100,23600,25600,4300,6500,22200,2900,600,1400,1700,300,900,1600,600,1100,300
359.0,8.91,99500,887344.0,8.91,8.9,8.88,8.87,8.85,8.84,8.83,8.82,8.81,8.8,8.92,8.93,8.94,8.95,8.96,8.98,9.0,9.02,9.05,9.06,9900,2300,500,2300,4100,23600,25600,4300,6500,22200,2900,600,1400,1700,300,900,1600,600,1100,300
360.0,8.91,99500,887344.0,8.91,8.9,8.88,8.87,8.85,8.84,8.83,8.82,8.81,8.8,8.92,8.93,8.94,8.95,8.96,8.98,9.0,9.02,9.05,9.06,9900,2300,500,2300,4100,23600,25600,4300,6500,22200,2900,600,1400,1700,300,900,1600,600,1100,300
361.0,8.91,100400,895363.0,8.91,8.9,8.88,8.87,8.85,8.84,8.83,8.82,8.81,8.8,8.92,8.93,8.94,8.95,8.96,8.98,9.0,9.02,9.05,9.06,9100,2300,500,2300,4100,23600,25600,4300,6500,22200,2900,700,1400,1700,300,900,1600,600,1100,300
362.0,8.91,100400,895363.0,8.91,8.9,8.88,8.87,8.85,8.84,8.83,8.82,8.81,8.8,8.92,8.93,8.94,8.95,8.96,8.98,9.0,9.02,9.05,9.06,9100,2300,500,2300,4100,23600,25600,4300,6500,22200,2900,700,1400,1700,300,900,1600,600,1100,300
363.0,8.92,102700,915879.0,8.91,8.9,8.88,8.87,8.85,8.84,8.83,8.82,8.81,8.8,8.92,8.93,8.94,8.95,8.96,8.98,9.0,9.02,9.05,9.06,12400,2300,500,2300,4100,23600,25600,4300,6500,22200,600,700,1400,1700,300,900,1600,600,1100,300
364.0,8.92,104400,931032.0,8.92,8.91,8.9,8.88,8.87,8.85,8.84,8.83,8.82,8.81,8.93,8.94,8.95,8.96,8.98,9.0,9.02,9.05,9.06,9.08,600,11600,2300,500,2300,4100,23600,25600,4300,6500,700,1400,1700,300,900,1600,600,1100,300,1000
365.0,8.92,104400,931032.0,8.92,8.91,8.9,8.88,8.87,8.85,8.84,8.83,8.82,8.81,8.93,8.94,8.95,8.96,8.98,9.0,9.02,9.05,9.06,9.08,700,10500,2300,500,2300,4100,23600,25600,4300,6500,700,1400,1700,300,900,1600,600,1100,300,1000
366.0,8.92,104400,931032.0,8.92,8.91,8.9,8.88,8.87,8.85,8.84,8.83,8.82,8.81,8.93,8.94,8.95,8.96,8.98,9.0,9.02,9.05,9.06,9.08,700,9200,2300,500,2300,4100,23600,25600,4300,6500,700,1500,1700,300,900,1600,600,1100,300,1000
367.0,8.92,104600,932816.0,8.92,8.91,8.9,8.88,8.87,8.85,8.84,8.83,8.82,8.81,8.93,8.94,8.95,8.96,8.98,9.0,9.02,9.05,9.06,9.08,500,9200,2300,500,2300,4100,23600,25600,4300,6500,700,1700,1700,300,900,1600,600,1100,300,1000
368.0,8.92,104700,933708.0,8.92,8.91,8.9,8.88,8.87,8.85,8.84,8.83,8.82,8.81,8.93,8.94,8.95,8.96,8.98,9.0,9.02,9.05,9.06,9.08,400,9200,2300,500,2300,4100,23600,25600,4300,6500,700,1700,1700,300,900,1600,600,1100,300,1000
369.0,8.92,104700,933708.0,8.92,8.91,8.9,8.88,8.87,8.85,8.84,8.83,8.82,8.81,8.93,8.94,8.95,8.96,8.98,9.0,9.02,9.05,9.06,9.08,400,9200,2300,500,2300,4100,23600,25600,4300,6500,700,1700,1700,300,900,1600,600,1100,300,1000
370.0,8.92,104800,934600.0,8.92,8.91,8.9,8.88,8.87,8.85,8.84,8.83,8.82,8.81,8.93,8.94,8.95,8.96,8.98,9.0,9.02,9.05,9.06,9.08,300,9200,2300,500,2300,4100,23600,25600,4300,6500,700,1700,1700,300,900,1600,600,1100,300,1000
371.0,8.92,104800,934600.0,8.92,8.91,8.9,8.88,8.87,8.85,8.84,8.83,8.82,8.81,8.93,8.94,8.95,8.96,8.98,9.0,9.02,9.05,9.06,9.08,300,9200,2300,500,2300,4100,23600,25600,4300,6500,700,1700,1700,300,900,1600,600,1100,300,1000
372.0,8.92,104800,934600.0,8.92,8.91,8.9,8.88,8.87,8.85,8.84,8.83,8.82,8.81,8.93,8.94,8.95,8.96,8.98,9.0,9.02,9.05,9.06,9.08,300,9200,2300,500,2300,4100,23600,25600,4300,6500,700,1700,1700,300,900,1600,600,1100,300,1000
373.0,8.92,104800,934600.0,8.92,8.91,8.9,8.88,8.87,8.85,8.84,8.83,8.82,8.81,8.93,8.94,8.95,8.96,8.98,9.0,9.02,9.05,9.06,9.08,300,9200,2300,500,2300,4100,23600,25600,4300,6500,700,1700,1700,300,900,1600,600,1100,300,1000
374.0,8.92,104800,934600.0,8.92,8.91,8.9,8.88,8.87,8.85,8.84,8.83,8.82,8.81,8.93,8.94,8.95,8.96,8.98,9.0,9.02,9.05,9.06,9.08,300,9200,2300,500,2300,4100,23600,25600,4300,6500,700,1700,1700,300,900,1600,600,1100,300,1000
375.0,8.92,105200,938168.0,8.91,8.9,8.88,8.87,8.85,8.84,8.83,8.82,8.81,8.8,8.92,8.93,8.94,8.95,8.96,8.98,9.0,9.02,9.05,9.06,9200,2300,500,2300,4100,23600,25600,4300,6500,22200,700,700,1700,1700,300,900,1600,600,1100,300
376.0,8.91,106100,946187.0,8.91,8.9,8.88,8.87,8.85,8.84,8.83,8.82,8.81,8.8,8.92,8.93,8.94,8.95,8.96,8.98,9.0,9.02,9.05,9.06,8300,2300,500,2300,4100,23600,25600,4300,6500,22200,700,700,1700,1700,300,900,1600,600,1100,300
377.0,8.91,106100,946187.0,8.91,8.9,8.88,8.87,8.85,8.84,8.83,8.82,8.81,8.8,8.92,8.93,8.94,8.95,8.96,8.98,9.0,9.02,9.05,9.06,10900,2300,500,2300,4100,23600,25600,4300,6500,22200,1700,700,1700,1700,300,900,1600,600,1100,300
378.0,8.92,106200,947079.0,8.91,8.9,8.88,8.87,8.85,8.84,8.83,8.82,8.81,8.8,8.92,8.93,8.94,8.95,8.96,8.98,9.0,9.02,9.05,9.06,10900,2300,500,2300,4100,23600,25600,4300,6500,22200,1600,700,1700,1700,300,900,1600,600,1100,300
379.0,8.92,106200,947079.0,8.91,8.9,8.88,8.87,8.85,8.84,8.83,8.82,8.81,8.8,8.92,8.93,8.94,8.95,8.96,8.98,9.0,9.02,9.05,9.06,10900,2300,500,2300,4100,23600,25600,4300,6500,22200,1600,700,1700,1700,300,900,1600,600,1100,300
380.0,8.92,108800,970250.0,8.91,8.9,8.88,8.87,8.85,8.84,8.83,8.82,8.81,8.8,8.92,8.93,8.94,8.95,8.96,8.98,9.0,9.02,9.05,9.06,9300,2300,500,2300,4100,23600,25600,4300,6500,22200,1100,700,1700,1700,300,900,1600,600,1100,300
381.0,8.92,108800,970250.0,8.91,8.9,8.88,8.87,8.85,8.84,8.83,8.82,8.81,8.8,8.92,8.93,8.94,8.95,8.96,8.98,9.0,9.02,9.05,9.06,6700,2300,500,2300,4100,23600,25600,4300,6500,22200,1100,700,1700,1700,300,900,1600,600,1100,300
382.0,8.92,108800,970250.0,8.91,8.9,8.88,8.87,8.85,8.84,8.83,8.82,8.81,8.8,8.92,8.93,8.94,8.95,8.96,8.98,9.0,9.02,9.05,9.06,6700,2300,500,2300,4100,23600,25600,4300,6500,22200,1100,700,1700,1700,300,900,1600,600,1100,300
383.0,8.92,108800,970250.0,8.91,8.9,8.88,8.87,8.85,8.84,8.83,8.82,8.81,8.8,8.92,8.93,8.94,8.95,8.96,8.98,9.0,9.02,9.05,9.06,6700,2300,500,2300,4100,23600,25600,4300,6500,22200,1100,700,1700,1700,300,900,1600,600,1100,300
384.0,8.91,109500,976488.0,8.91,8.9,8.88,8.87,8.85,8.84,8.83,8.82,8.81,8.8,8.92,8.93,8.94,8.95,8.96,8.98,9.0,9.02,9.05,9.06,6100,2300,500,2300,4100,23600,25600,4300,6500,22200,1000,700,1700,1700,300,900,1600,600,1100,300
385.0,8.91,109500,976488.0,8.91,8.9,8.88,8.87,8.85,8.84,8.83,8.82,8.81,8.8,8.92,8.93,8.94,8.95,8.96,8.98,9.0,9.02,9.05,9.06,6100,2300,500,2300,4100,23600,25600,4300,6500,22200,1000,1000,1700,1700,300,900,1600,600,1100,300
386.0,8.91,109500,976488.0,8.91,8.9,8.88,8.87,8.85,8.84,8.83,8.82,8.81,8.8,8.92,8.93,8.94,8.95,8.96,8.98,9.0,9.02,9.05,9.06,6100,2300,500,2300,4100,23600,25600,4300,6500,22200,1000,1000,1700,1700,300,900,1600,600,1100,300
387.0,8.92,109600,977380.0,8.91,8.9,8.88,8.87,8.85,8.84,8.83,8.82,8.81,8.8,8.92,8.93,8.94,8.95,8.96,8.98,9.0,9.02,9.05,9.06,6100,2300,500,2300,4100,23600,25600,4300,6500,22200,900,1000,1700,1700,300,900,1600,600,1100,300
388.0,8.92,109600,977380.0,8.91,8.9,8.88,8.87,8.85,8.84,8.83,8.82,8.81,8.8,8.92,8.93,8.94,8.95,8.96,8.98,9.0,9.02,9.05,9.06,6100,2300,500,2300,4100,23600,25600,4300,6500,22200,900,1000,1700,1700,300,900,1600,600,1100,300
389.0,8.92,109600,977380.0,8.91,8.9,8.88,8.87,8.85,8.84,8.83,8.82,8.81,8.8,8.92,8.93,8.94,8.95,8.96,8.98,9.0,9.02,9.05,9.06,6100,2300,500,2300,4100,23600,25600,4300,6500,22200,900,1000,1700,1700,300,900,1600,600,1100,300
390.0,8.92,109600,977380.0,8.91,8.9,8.88,8.87,8.85,8.84,8.83,8.82,8.81,8.8,8.92,8.93,8.94,8.95,8.96,8.98,9.0,9.02,9.05,9.06,6100,2300,500,2300,4100,23600,25600,4300,6500,22200,900,1000,1700,1700,300,900,1600,600,1100,300
391.0,8.91,111400,993418.0,8.91,8.9,8.88,8.87,8.85,8.84,8.83,8.82,8.81,8.8,8.92,8.93,8.94,8.95,8.96,8.98,9.0,9.02,9.05,9.06,4300,2300,500,2300,4100,23600,25600,4300,6500,22200,900,1000,1700,1700,300,900,1600,600,1100,300
392.0,8.91,111400,993418.0,8.91,8.9,8.88,8.87,8.85,8.84,8.83,8.82,8.81,8.8,8.92,8.93,8.94,8.95,8.96,8.98,9.0,9.02,9.05,9.06,4300,2300,500,2300,4100,23600,25600,4300,6500,22200,900,1000,1700,1700,300,900,1600,600,1100,300
393.0,8.91,111400,993418.0,8.91,8.9,8.88,8.87,8.85,8.84,8.83,8.82,8.81,8.8,8.92,8.93,8.94,8.95,8.96,8.98,9.0,9.02,9.05,9.06,4300,2300,500,2300,4100,23600,25600,4300,6500,22200,900,1000,1700,1700,300,900,1600,600,1100,300
394.0,8.91,111800,996982.0,8.91,8.9,8.88,8.87,8.85,8.84,8.83,8.82,8.81,8.8,8.92,8.93,8.94,8.95,8.96,8.98,9.0,9.02,9.05,9.06,5500,2300,500,2300,4100,23600,25600,4300,6500,22200,900,1000,1700,1700,300,900,1600,600,1100,300
395.0,8.91,111800,996982.0,8.91,8.9,8.88,8.87,8.85,8.84,8.83,8.82,8.81,8.8,8.92,8.93,8.94,8.95,8.96,8.98,9.0,9.02,9.05,9.06,5500,2300,500,2300,4100,23600,25600,4300,6500,22200,900,1000,1700,1700,300,900,1600,600,1100,300
396.0,8.91,112100,999655.0,8.91,8.9,8.88,8.87,8.85,8.84,8.83,8.82,8.81,8.8,8.92,8.93,8.94,8.95,8.96,8.98,9.0,9.02,9.05,9.06,5200,2300,500,2300,4100,23600,25600,4300,6500,22200,900,1000,1700,1700,300,900,1600,600,1100,300
397.0,8.91,112200,1000546.0,8.91,8.9,8.88,8.87,8.85,8.84,8.83,8.82,8.81,8.8,8.92,8.93,8.94,8.95,8.96,8.98,9.0,9.02,9.05,9.06,5200,2300,500,2300,4100,23600,25600,4300,6500,22200,900,1000,1700,1700,300,900,1600,600,1100,300
398.0,8.91,112800,1005892.0,8.91,8.9,8.88,8.87,8.85,8.84,8.83,8.82,8.81,8.8,8.92,8.93,8.94,8.95,8.96,8.98,9.0,9.02,9.05,9.06,4600,2300,500,2300,4100,23600,25600,4300,6500,22200,900,1000,1700,1700,300,900,1600,600,1100,300
399.0,8.91,113200,1009456.0,8.91,8.9,8.88,8.87,8.85,8.84,8.83,8.82,8.81,8.8,8.92,8.93,8.94,8.95,8.96,8.98,9.0,9.02,9.05,9.06,4200,2300,500,2300,4100,23600,25600,4300,6500,22200,900,1000,1700,1700,300,900,1600,600,1100,300
400.0,8.91,114000,1016584.0,8.91,8.9,8.88,8.87,8.85,8.84,8.83,8.82,8.81,8.8,8.92,8.93,8.94,8.95,8.96,8.98,9.0,9.02,9.05,9.06,3400,2300,500,2300,4100,23600,25600,4300,6500,22200,900,1000,1700,1700,300,900,1600,600,1100,300
401.0,8.91,114000,1016584.0,8.91,8.9,8.88,8.87,8.85,8.84,8.83,8.82,8.81,8.8,8.92,8.93,8.94,8.95,8.96,8.98,9.0,9.02,9.05,9.06,3400,2300,500,2300,4100,23600,25600,4300,6500,22200,900,1000,1700,1700,300,900,1600,600,1100,300
402.0,8.91,114400,1020148.0,8.91,8.9,8.88,8.87,8.85,8.84,8.83,8.82,8.81,8.8,8.92,8.93,8.94,8.95,8.96,8.98,9.0,9.02,9.05,9.06,3000,2300,500,2300,4100,23600,25600,4300,6500,22200,900,1000,1700,1700,300,900,1600,600,1100,300
403.0,8.91,115300,1028167.0,8.91,8.9,8.88,8.87,8.85,8.84,8.83,8.82,8.81,8.8,8.92,8.93,8.94,8.95,8.96,8.98,9.0,9.02,9.05,9.06,2100,2300,500,2300,4100,23600,25600,4300,6500,22200,900,1000,1700,1700,300,900,1600,600,1100,300
404.0,8.91,116500,1038862.0,8.91,8.9,8.88,8.87,8.85,8.84,8.83,8.82,8.81,8.8,8.92,8.93,8.94,8.95,8.96,8.98,9.0,9.02,9.05,9.06,1200,2300,500,2300,4100,23600,25600,4300,6500,22200,600,1000,1700,1700,300,900,1600,600,1100,300
405.0,8.91,116500,1038862.0,8.91,8.9,8.88,8.87,8.85,8.84,8.83,8.82,8.81,8.8,8.92,8.93,8.94,8.95,8.96,8.98,9.0,9.02,9.05,9.06,1200,2300,500,2300,4100,23600,25600,4300,6500,22200,600,1000,1700,1700,300,900,1600,600,1100,300
406.0,8.91,116500,1038862.0,8.91,8.9,8.88,8.87,8.85,8.84,8.83,8.82,8.81,8.8,8.92,8.93,8.94,8.95,8.96,8.98,9.0,9.02,9.05,9.06,1200,2300,500,2300,4100,23600,25600,4300,6500,22200,600,700,1700,1700,300,900,1600,600,1100,300
407.0,8.9,120000,1070024.0,8.88,8.87,8.85,8.84,8.83,8.82,8.81,8.8,8.79,8.77,8.9,8.91,8.92,8.93,8.94,8.95,8.96,8.98,9.0,9.02,500,2300,4100,23600,25600,4300,6500,22200,1300,1300,4200,34600,3300,700,1700,1700,300,900,1600,600
408.0,8.9,120000,1070024.0,8.88,8.87,8.85,8.84,8.83,8.82,8.81,8.8,8.79,8.77,8.9,8.91,8.92,8.93,8.94,8.95,8.96,8.98,9.0,9.02,800,2300,4100,23600,25600,4300,6500,22200,1300,1300,4700,34800,3300,700,1700,1700,300,900,1600,600
409.0,8.9,120000,1070024.0,8.88,8.87,8.85,8.84,8.83,8.82,8.81,8.8,8.79,8.77,8.9,8.91,8.92,8.93,8.94,8.95,8.96,8.98,9.0,9.02,1000,2300,4100,23600,25600,4300,6500,22200,1300,1300,4900,34800,3300,700,1700,1700,300,900,1600,600
410.0,8.9,120400,1073584.0,8.88,8.87,8.85,8.84,8.83,8.82,8.81,8.8,8.79,8.77,8.9,8.91,8.92,8.93,8.94,8.95,8.96,8.98,9.0,9.02,1800,2300,4100,23600,25600,4300,6500,22200,1300,1300,5000,35100,3300,700,1700,1700,300,900,1600,600
411.0,8.9,120500,1074474.0,8.88,8.87,8.85,8.84,8.83,8.82,8.81,8.8,8.79,8.77,8.9,8.91,8.92,8.93,8.94,8.95,8.96,8.98,9.0,9.02,2000,2300,4100,23600,25600,4300,6500,22200,1300,1300,5100,36900,3300,700,1700,1700,300,900,1600,600
412.0,8.9,120500,1074474.0,8.88,8.87,8.85,8.84,8.83,8.82,8.81,8.8,8.79,8.77,8.9,8.91,8.92,8.93,8.94,8.95,8.96,8.98,9.0,9.02,2300,2300,4100,23600,25600,4300,6500,22200,1300,1300,5400,37100,3300,700,1700,1700,300,900,1600,600
413.0,8.9,121100,1079814.0,8.88,8.87,8.85,8.84,8.83,8.82,8.81,8.8,8.79,8.77,8.9,8.91,8.92,8.93,8.94,8.95,8.96,8.98,9.0,9.02,2400,2300,4100,23600,25600,4300,6500,22200,1300,1300,5100,36500,3300,700,1700,1700,300,900,1600,600
414.0,8.88,121700,1085142.0,8.88,8.87,8.85,8.84,8.83,8.82,8.81,8.8,8.79,8.77,8.9,8.91,8.92,8.93,8.94,8.95,8.96,8.98,9.0,9.02,3600,2300,4100,23600,25600,4300,6500,22200,1300,1300,5100,36500,3300,700,1700,1700,300,900,1600,600
415.0,8.88,121700,1085142.0,8.88,8.87,8.85,8.84,8.83,8.82,8.81,8.8,8.79,8.77,8.9,8.91,8.92,8.93,8.94,8.95,8.96,8.98,9.0,9.02,4000,2300,4100,23600,25600,4300,6500,22200,1300,1300,5500,36500,3300,700,1700,1700,300,900,1600,600
416.0,8.88,121700,1085142.0,8.88,8.87,8.85,8.84,8.83,8.82,8.81,8.8,8.79,8.77,8.9,8.91,8.92,8.93,8.94,8.95,8.96,8.98,9.0,9.02,4200,2300,4100,23600,25600,4300,6500,22200,1300,1300,5700,36500,3300,700,1700,1700,300,900,1600,600
417.0,8.9,122200,1089592.0,8.88,8.87,8.85,8.84,8.83,8.82,8.81,8.8,8.79,8.77,8.9,8.91,8.92,8.93,8.94,8.95,8.96,8.98,9.0,9.02,4500,2300,4100,23600,25600,4300,6500,22200,1300,1300,5500,36500,3300,700,1700,1700,300,900,1600,600
418.0,8.9,122300,1090482.0,8.88,8.87,8.85,8.84,8.83,8.82,8.81,8.8,8.79,8.77,8.9,8.91,8.92,8.93,8.94,8.95,8.96,8.98,9.0,9.02,4800,2300,4100,23600,25600,4300,6500,22200,1300,1300,5700,36500,3300,700,1700,1700,300,900,1600,600
419.0,8.9,122300,1090482.0,8.88,8.87,8.85,8.84,8.83,8.82,8.81,8.8,8.79,8.77,8.9,8.91,8.92,8.93,8.94,8.95,8.96,8.98,9.0,9.02,5100,2300,4100,23600,25600,4300,6500,22200,1300,1300,6000,36500,3300,1600,1700,1700,300,900,1600,600
420.0,8.9,122900,1095822.0,8.88,8.87,8.85,8.84,8.83,8.82,8.81,8.8,8.79,8.77,8.9,8.91,8.92,8.93,8.94,8.95,8.96,8.98,9.0,9.02,5300,2300,4100,23600,25600,4300,6500,22200,1300,1300,5600,36500,3300,1600,1700,1700,300,900,1600,600
421.0,8.9,122900,1095822.0,8.89,8.88,8.87,8.85,8.84,8.83,8.82,8.81,8.8,8.79,8.9,8.91,8.92,8.93,8.94,8.95,8.96,8.98,9.0,9.02,100,5600,2300,4100,23600,25600,4300,6500,22200,1300,6900,36500,3800,1600,1700,1700,300,900,1600,600
422.0,8.9,122900,1095822.0,8.89,8.88,8.87,8.85,8.84,8.83,8.82,8.81,8.8,8.79,8.9,8.91,8.92,8.93,8.94,8.95,8.96,8.98,9.0,9.02,100,5600,2300,4100,23600,25600,4300,6500,22200,1300,6900,36500,3800,1600,1300,1700,300,900,1600,600
423.0,8.9,123500,1101162.0,8.89,8.88,8.87,8.85,8.84,8.83,8.82,8.81,8.8,8.79,8.9,8.91,8.92,8.93,8.94,8.95,8.96,8.98,9.0,9.02,100,5600,2300,4100,23600,25600,4300,6500,22200,1300,6300,36800,3800,1600,1300,1700,300,900,1600,600
424.0,8.89,123600,1102051.0,8.88,8.87,8.85,8.84,8.83,8.82,8.81,8.8,8.79,8.77,8.9,8.91,8.92,8.93,8.94,8.95,8.96,8.98,9.0,9.02,5600,2300,4100,23600,25600,4300,6500,22200,1300,1300,6300,36800,3800,1600,1300,1700,300,900,1600,600
425.0,8.89,123600,1102051.0,8.88,8.87,8.85,8.84,8.83,8.82,8.81,8.8,8.79,8.77,8.9,8.91,8.92,8.93,8.94,8.95,8.96,8.98,9.0,9.02,5700,2300,4100,23600,25600,4300,6500,22200,1300,1300,6400,36800,3800,1600,1300,1700,300,900,1600,600
426.0,8.9,125300,1117159.0,8.88,8.87,8.85,8.84,8.83,8.82,8.81,8.8,8.79,8.77,8.9,8.91,8.92,8.93,8.94,8.95,8.96,8.98,9.0,9.02,5000,2300,4100,23600,25600,4300,6500,22200,1300,1300,6200,36800,3800,1600,1200,1700,300,900,1600,600
427.0,8.9,125300,1117159.0,8.88,8.87,8.85,8.84,8.83,8.82,8.81,8.8,8.79,8.77,8.89,8.9,8.91,8.92,8.93,8.94,8.95,8.96,8.98,9.0,5100,500,4100,23600,25600,4300,6500,22200,1300,1300,1400,8800,36800,3800,1600,1000,1700,300,900,1600
428.0,8.9,125300,1117159.0,8.88,8.87,8.85,8.84,8.83,8.82,8.81,8.8,8.79,8.77,8.89,8.9,8.91,8.92,8.93,8.94,8.95,8.96,8.98,9.0,5100,500,4100,23600,25600,4300,6500,22200,1300,1300,1400,8800,36800,3800,1600,1000,1700,300,900,1600
429.0,8.89,125400,1118048.0,8.88,8.87,8.85,8.84,8.83,8.82,8.81,8.8,8.79,8.77,8.89,8.9,8.91,8.92,8.93,8.94,8.95,8.96,8.98,9.0,5100,500,4100,23600,25600,4300,6500,22200,1300,1300,1300,8800,36800,3800,1600,1000,1700,300,900,1600
430.0,8.89,125400,1118048.0,8.88,8.87,8.85,8.84,8.83,8.82,8.81,8.8,8.79,8.77,8.89,8.9,8.91,8.92,8.93,8.94,8.95,8.96,8.98,9.0,5100,500,4100,23600,25600,4300,6500,22200,1300,1300,1300,8800,36800,3800,1600,1000,1700,300,900,1600
431.0,8.89,125400,1118048.0,8.88,8.87,8.85,8.84,8.83,8.82,8.81,8.8,8.79,8.77,8.89,8.9,8.91,8.92,8.93,8.94,8.95,8.96,8.98,9.0,5100,500,4100,23600,25600,4300,6500,22200,1300,1300,1300,8800,36800,3800,1600,1000,1700,300,900,1600
432.0,8.89,125400,1118048.0,8.88,8.85,8.84,8.83,8.82,8.81,8.8,8.79,8.77,8.76,8.89,8.9,8.91,8.92,8.93,8.94,8.95,8.96,8.98,9.0,5100,4100,23600,25600,4300,6500,22200,1300,1300,4000,1300,8800,36800,3800,1600,1000,1700,300,900,1600
433.0,8.89,126200,1125160.0,8.88,8.85,8.84,8.83,8.82,8.81,8.8,8.79,8.77,8.76,8.89,8.9,8.91,8.92,8.93,8.94,8.95,8.96,8.98,9.0,5100,4100,23600,25600,4300,6500,22200,1300,1300,4000,700,8700,36800,3800,1600,1000,1700,300,900,1600
434.0,8.89,126200,1125160.0,8.88,8.85,8.84,8.83,8.82,8.81,8.8,8.79,8.77,8.76,8.89,8.9,8.91,8.92,8.93,8.94,8.95,8.96,8.98,9.0,5100,4100,23600,25600,4300,6500,22200,1300,1300,4000,700,8700,36500,3800,1600,1000,1700,300,900,1600
435.0,8.89,126200,1125160.0,8.88,8.85,8.84,8.83,8.82,8.81,8.8,8.79,8.77,8.76,8.89,8.9,8.91,8.92,8.93,8.94,8.95,8.96,8.98,9.0,5100,4100,23600,25600,4300,6500,22200,1300,1300,4000,700,8700,36500,3800,1600,1000,1700,300,900,1600
436.0,8.89,126900,1131383.0,8.89,8.88,8.85,8.84,8.83,8.82,8.81,8.8,8.79,8.77,8.9,8.91,8.92,8.93,8.94,8.95,8.96,8.98,9.0,9.02,300,5100,4400,23600,25600,4300,6500,22200,1300,1300,8700,36500,3800,1600,1000,1700,300,900,1600,600
437.0,8.89,126900,1131383.0,8.89,8.88,8.85,8.84,8.83,8.82,8.81,8.8,8.79,8.77,8.9,8.91,8.92,8.93,8.94,8.95,8.96,8.98,9.0,9.02,300,5100,4400,23600,25600,4300,6500,22200,1300,1300,8700,36500,3800,1600,1000,1700,300,900,1600,600
438.0,8.89,126900,1131383.0,8.89,8.88,8.85,8.84,8.83,8.82,8.81,8.8,8.79,8.77,8.9,8.91,8.92,8.93,8.94,8.95,8.96,8.98,9.0,9.02,300,5100,4400,23600,25600,4300,6500,22200,1300,1300,8700,36500,3800,1600,1000,1700,300,900,1600,600
439.0,8.9,127700,1138503.0,8.89,8.88,8.85,8.84,8.83,8.82,8.81,8.8,8.79,8.77,8.9,8.91,8.92,8.93,8.94,8.95,8.96,8.98,9.0,9.02,300,5100,4400,23600,25600,4300,6500,22200,1300,1300,7900,36500,3800,1600,1000,1700,300,900,1600,600
440.0,8.89,128000,1141170.0,8.88,8.85,8.84,8.83,8.82,8.81,8.8,8.79,8.77,8.76,8.89,8.9,8.91,8.92,8.93,8.94,8.95,8.96,8.98,9.0,5100,4400,23600,25600,4300,6500,22200,1300,1300,4000,100,7900,36500,3800,1600,1000,1700,300,900,1600
441.0,8.89,128100,1142059.0,8.89,8.88,8.85,8.84,8.83,8.82,8.81,8.8,8.79,8.77,8.9,8.91,8.92,8.93,8.94,8.95,8.96,8.98,9.0,9.02,4000,5100,4400,24100,25600,4300,6500,22200,1300,1300,7900,36500,3800,1600,1000,1700,300,900,1600,600
442.0,8.89,132800,1183849.0,8.88,8.85,8.84,8.83,8.82,8.81,8.8,8.79,8.77,8.76,8.89,8.9,8.91,8.92,8.93,8.94,8.95,8.96,8.98,9.0,5100,4400,24100,25600,4300,6500,22200,1300,1300,4000,2300,4900,36500,3800,1600,1000,1700,300,900,1600
443.0,8.89,132800,1183849.0,8.88,8.85,8.84,8.83,8.82,8.81,8.8,8.79,8.77,8.76,8.89,8.9,8.91,8.92,8.93,8.94,8.95,8.96,8.98,9.0,5100,4400,24100,25600,4300,6500,22200,1300,1300,4000,2300,4900,36500,3800,1600,1000,1700,300,900,1600
444.0,8.89,132800,1183849.0,8.88,8.85,8.84,8.83,8.82,8.81,8.8,8.79,8.77,8.76,8.89,8.9,8.91,8.92,8.93,8.94,8.95,8.96,8.98,9.0,5100,4400,24100,25600,4300,6500,22200,1300,1300,4000,2300,4900,36500,3800,1600,1000,1700,300,900,1600
445.0,8.89,132800,1183849.0,8.88,8.85,8.84,8.83,8.82,8.81,8.8,8.79,8.77,8.76,8.89,8.9,8.91,8.92,8.93,8.94,8.95,8.96,8.98,9.0,5100,4400,24100,25600,4300,6500,22200,1300,1300,4000,2300,4900,36500,3800,1600,1000,1700,300,900,1600
446.0,8.89,133000,1185627.0,8.88,8.85,8.84,8.83,8.82,8.81,8.8,8.79,8.77,8.76,8.89,8.9,8.91,8.92,8.93,8.94,8.95,8.96,8.98,9.0,5100,4400,24100,25600,4300,6500,22200,1300,1300,4000,2100,4900,36500,3800,1600,1000,1700,300,900,1600
447.0,8.89,133000,1185627.0,8.88,8.85,8.84,8.83,8.82,8.81,8.8,8.79,8.77,8.76,8.89,8.9,8.91,8.92,8.93,8.94,8.95,8.96,8.98,9.0,5100,4400,24100,25600,4300,6500,22200,1300,1300,4000,2100,4900,36500,3800,1600,1000,1700,300,900,1600
