LocalTime,LastPrice,TradeVolume,TradeValue,BidPrice1,BidPrice2,BidPrice3,BidPrice4,BidPrice5,BidPrice6,BidPrice7,BidPrice8,BidPrice9,BidPriceA,AskPrice1,AskPrice2,AskPrice3,AskPrice4,AskPrice5,AskPrice6,AskPrice7,AskPrice8,AskPrice9,AskPriceA,BidVolume1,BidVolume2,BidVolume3,BidVolume4,BidVolume5,BidVolume6,BidVolume7,BidVolume8,BidVolume9,BidVolumeA,AskVolume1,AskVolume2,AskVolume3,AskVolume4,AskVolume5,AskVolume6,AskVolume7,AskVolume8,AskVolume9,AskVolumeA
0.0,14.15,6100,86315.0,14.13,14.12,14.11,14.09,14.05,14.04,14.02,14.01,14.0,13.98,14.15,14.2,14.23,14.24,14.3,14.32,14.34,14.35,14.39,14.42,100,100,1800,1200,1000,100,100,1300,4000,300,8000,400,800,700,500,200,800,1700,2500,400
1.0,14.15,6100,86315.0,14.13,14.12,14.11,14.09,14.05,14.04,14.02,14.01,14.0,13.98,14.14,14.15,14.2,14.23,14.24,14.28,14.29,14.3,14.32,14.33,100,100,1800,1200,1000,100,2100,1300,4000,300,300,8000,800,1800,700,1300,1000,500,200,1600
2.0,14.14,6300,89142.0,14.12,14.11,14.1,14.09,14.05,14.04,14.02,14.01,14.0,13.98,14.13,14.14,14.15,14.2,14.23,14.24,14.28,14.29,14.3,14.32,600,1800,200,1200,1000,100,2100,1300,4800,300,300,10200,8400,800,1800,700,1300,1600,500,200
3.0,14.14,6300,89142.0,14.12,14.11,14.1,14.09,14.05,14.04,14.02,14.01,14.0,13.98,14.13,14.14,14.15,14.2,14.23,14.24,14.28,14.29,14.3,14.32,600,1800,200,1200,3000,100,2100,2400,4900,500,600,10200,8400,800,1800,700,1300,1600,2500,200
4.0,14.13,7200,101855.0,14.12,14.11,14.1,14.09,14.05,14.04,14.02,14.01,14.0,13.98,14.13,14.14,14.15,14.2,14.23,14.24,14.25,14.28,14.29,14.3,200,1800,200,3500,4000,100,2100,2400,4900,500,10400,10000,8500,800,1800,700,200,1300,1600,2500
5.0,14.13,8200,115985.0,14.12,14.11,14.1,14.09,14.05,14.04,14.02,14.01,14.0,13.98,14.13,14.14,14.15,14.2,14.23,14.24,14.25,14.28,14.29,14.3,200,2800,200,3500,4000,100,2100,2400,4900,500,19400,10000,8500,800,1800,700,200,1300,1900,3100
6.0,14.12,9100,128694.0,14.11,14.1,14.09,14.05,14.04,14.02,14.01,14.0,13.98,13.97,14.12,14.13,14.14,14.15,14.2,14.23,14.24,14.25,14.28,14.29,2800,200,3500,4300,100,2100,2400,4900,500,100,2200,19400,10700,8500,800,1800,700,200,1300,1900
7.0,14.12,10800,152698.0,14.11,14.1,14.09,14.05,14.04,14.02,14.01,14.0,13.99,13.98,14.12,14.13,14.14,14.15,14.2,14.23,14.24,14.25,14.28,14.29,2800,200,3500,4300,100,2100,2400,14900,500,500,600,20400,10700,8500,1100,1800,700,200,1300,1900
8.0,14.11,13300,188007.0,14.11,14.1,14.09,14.06,14.05,14.04,14.02,14.01,14.0,13.99,14.12,14.13,14.14,14.15,14.2,14.23,14.24,14.25,14.28,14.29,2400,200,3500,600,4300,100,2100,2400,15200,500,400,19100,17900,8600,1100,1800,700,200,1300,1900
9.0,14.12,13400,189419.0,14.11,14.1,14.09,14.06,14.05,14.04,14.02,14.01,14.0,13.99,14.12,14.13,14.14,14.15,14.2,14.22,14.23,14.24,14.25,14.28,2400,200,3500,1200,4300,100,2200,2400,15200,500,1500,24900,17900,8600,1100,100,1800,700,200,1300
10.0,14.11,16000,226105.0,14.1,14.09,14.06,14.05,14.04,14.02,14.01,14.0,13.99,13.98,14.11,14.12,14.13,14.14,14.15,14.2,14.22,14.23,14.24,14.25,200,3500,1200,4300,100,2200,2400,15200,500,500,5900,2300,24900,17900,8600,1100,100,1800,700,200
11.0,14.1,16400,231746.0,14.09,14.06,14.05,14.04,14.02,14.01,14.0,13.99,13.98,13.97,14.1,14.11,14.12,14.13,14.14,14.15,14.2,14.22,14.23,14.24,3500,1200,4300,100,2200,2500,15200,500,500,100,12800,4500,3300,24900,17900,8600,1100,100,1800,700
12.0,14.09,20300,286701.0,14.06,14.05,14.04,14.02,14.01,14.0,13.99,13.98,13.97,13.93,14.09,14.1,14.11,14.12,14.13,14.14,14.15,14.2,14.22,14.23,1200,4300,100,2200,2500,15200,500,500,100,300,900,3000,4200,3300,24900,17900,8600,1100,100,1800
13.0,14.09,20300,286701.0,14.06,14.05,14.04,14.02,14.01,14.0,13.99,13.98,13.97,13.93,14.08,14.09,14.1,14.11,14.12,14.13,14.14,14.15,14.2,14.22,1200,4300,100,2200,2500,15200,500,500,100,300,600,5300,2100,5300,3300,24900,17900,8600,1100,100
14.0,14.08,21100,297951.0,14.06,14.05,14.04,14.02,14.01,14.0,13.99,13.98,13.97,13.93,14.08,14.09,14.1,14.11,14.12,14.13,14.14,14.15,14.2,14.22,500,4300,100,2200,2500,15200,500,500,100,300,500,5500,1800,5300,3300,24900,17900,8600,1100,100
15.0,14.08,22600,319040.0,14.05,14.04,14.02,14.01,14.0,13.99,13.98,13.97,13.93,13.92,14.09,14.1,14.11,14.12,14.13,14.14,14.15,14.2,14.22,14.23,3600,100,2200,2500,15200,500,500,100,300,300,5500,500,5300,3300,24900,17900,8600,1100,100,1800
16.0,14.09,22900,323267.0,14.05,14.04,14.02,14.01,14.0,13.99,13.98,13.97,13.93,13.92,14.08,14.09,14.1,14.11,14.12,14.13,14.14,14.15,14.2,14.22,3600,100,2200,2500,15200,500,500,100,300,300,1300,5200,500,5300,3300,24900,17900,8600,1100,100
17.0,14.05,23000,324672.0,14.05,14.04,14.02,14.01,14.0,13.99,13.98,13.97,13.93,13.92,14.08,14.09,14.1,14.11,14.12,14.13,14.14,14.15,14.2,14.22,3500,100,2200,2500,15200,500,500,100,300,300,1300,5200,500,5300,3300,24900,17900,8600,1100,100
18.0,14.05,23200,327482.0,14.05,14.04,14.02,14.01,14.0,13.99,13.98,13.97,13.93,13.92,14.08,14.09,14.1,14.11,14.12,14.13,14.14,14.15,14.2,14.22,3300,100,2200,2500,15200,500,500,100,300,300,1400,5200,500,5300,3300,24900,17900,8600,1600,100
19.0,14.05,23200,327482.0,14.05,14.04,14.02,14.01,14.0,13.99,13.98,13.97,13.93,13.92,14.08,14.09,14.1,14.11,14.12,14.13,14.14,14.15,14.2,14.22,3300,100,2200,2500,15200,500,500,100,300,300,1400,5200,500,5300,3300,24900,17900,8600,1600,100
20.0,14.05,25500,359815.0,14.05,14.04,14.02,14.01,14.0,13.99,13.98,13.97,13.93,13.92,14.08,14.09,14.1,14.11,14.12,14.13,14.14,14.15,14.2,14.22,2100,100,2200,2500,15200,500,500,100,300,300,900,5200,500,4200,2200,24900,17900,8600,1600,100
21.0,14.05,25500,359815.0,14.05,14.04,14.02,14.01,14.0,13.99,13.98,13.97,13.93,13.92,14.08,14.09,14.1,14.11,14.12,14.13,14.14,14.15,14.2,14.22,2200,100,2200,2500,15200,500,500,100,300,300,900,5200,500,4200,1600,24300,17900,8600,1600,100
22.0,14.07,25700,362629.0,14.05,14.04,14.02,14.01,14.0,13.99,13.98,13.97,13.93,13.92,14.07,14.08,14.09,14.1,14.11,14.12,14.13,14.14,14.15,14.2,2200,100,2200,2500,15200,500,500,100,300,300,100,800,5200,500,4200,1600,24300,17900,8600,1600
23.0,14.09,26800,378118.0,14.05,14.04,14.02,14.01,14.0,13.99,13.98,13.97,13.93,13.92,14.09,14.1,14.11,14.12,14.13,14.14,14.15,14.2,14.22,14.23,2300,100,2200,2500,15200,500,500,100,300,300,5000,500,4200,1000,24300,17900,8600,1600,100,1800
24.0,14.08,26900,379526.0,14.08,14.05,14.04,14.02,14.01,14.0,13.99,13.98,13.97,13.93,14.09,14.1,14.11,14.12,14.13,14.14,14.15,14.2,14.22,14.23,200,2300,100,2200,2500,15200,500,500,100,300,5000,500,4200,1000,24300,17900,8600,1600,100,1800
25.0,14.08,26900,379526.0,14.08,14.05,14.04,14.02,14.01,14.0,13.99,13.98,13.97,13.93,14.09,14.1,14.11,14.12,14.13,14.14,14.15,14.2,14.22,14.23,200,2300,100,2200,2500,15200,500,500,100,300,5000,500,4200,1000,24300,17900,8600,1600,100,1800
26.0,14.05,28200,397797.0,14.08,14.05,14.04,14.02,14.01,14.0,13.99,13.98,13.97,13.93,14.09,14.1,14.11,14.12,14.13,14.14,14.15,14.2,14.22,14.23,300,1200,100,2200,2500,15200,500,500,100,300,5000,500,4200,1000,24300,17900,8600,1600,100,1800
27.0,14.05,29700,418881.0,14.05,14.04,14.02,14.01,14.0,13.99,13.98,13.97,13.93,13.92,14.08,14.09,14.1,14.11,14.12,14.13,14.14,14.15,14.2,14.22,800,2500,2200,2500,15200,500,500,100,300,300,900,5000,500,4200,1000,24300,17900,8600,1600,100
28.0,14.05,29700,418881.0,14.05,14.04,14.02,14.01,14.0,13.98,13.97,13.93,13.92,13.9,14.08,14.09,14.1,14.12,14.13,14.14,14.15,14.2,14.22,14.23,800,2500,2200,2500,15200,500,100,300,300,400,400,5000,300,1000,24300,17900,8600,1600,100,1800
29.0,14.08,30100,424513.0,14.05,14.04,14.02,14.01,14.0,13.98,13.97,13.93,13.92,13.9,14.09,14.1,14.12,14.13,14.14,14.15,14.2,14.22,14.23,14.24,800,2500,2200,2500,15200,500,100,300,300,400,2100,100,1000,24300,17900,8600,1600,100,1800,700
30.0,14.05,31400,442778.0,14.05,14.04,14.02,14.01,14.0,13.98,13.97,13.93,13.92,13.9,14.09,14.1,14.12,14.13,14.14,14.15,14.2,14.22,14.23,14.24,1400,2500,2200,2500,15200,500,100,300,300,400,2100,100,1000,24300,17900,8600,1600,100,1800,700
31.0,14.08,32200,454024.0,14.05,14.04,14.02,14.01,14.0,13.98,13.97,13.93,13.92,13.9,14.09,14.1,14.12,14.13,14.14,14.15,14.2,14.22,14.23,14.24,700,2500,2200,2500,15200,500,100,300,300,400,2100,100,1000,24300,17900,8600,1600,100,1800,700
32.0,14.09,32400,456841.0,14.08,14.05,14.04,14.02,14.01,14.0,13.98,13.97,13.93,13.92,14.09,14.1,14.12,14.13,14.14,14.15,14.2,14.22,14.23,14.24,200,1900,2500,2200,2500,15200,500,100,300,300,2000,100,1000,24300,17900,8600,1600,100,1800,700
33.0,14.09,32800,462477.0,14.08,14.06,14.05,14.04,14.02,14.01,14.0,13.98,13.97,13.93,14.09,14.1,14.12,14.13,14.14,14.15,14.2,14.22,14.23,14.24,200,5000,1900,2500,2200,2500,15200,500,100,300,1600,100,1000,24300,17900,8600,1600,100,1800,700
34.0,14.09,32800,462477.0,14.08,14.06,14.05,14.04,14.02,14.01,14.0,13.98,13.97,13.93,14.09,14.1,14.12,14.13,14.14,14.15,14.2,14.22,14.23,14.24,200,5000,1900,2500,2200,2500,16200,500,100,300,1600,100,1000,24300,17900,8600,1600,100,1800,700
35.0,14.08,34900,492017.0,14.06,14.05,14.04,14.02,14.01,14.0,13.98,13.97,13.93,13.92,14.09,14.1,14.12,14.13,14.14,14.15,14.2,14.22,14.23,14.24,3600,2700,2500,2200,2500,16200,500,100,300,300,1600,100,1000,24300,17900,8600,1600,100,1800,700
36.0,14.08,35100,494833.0,14.06,14.05,14.04,14.02,14.01,14.0,13.98,13.97,13.93,13.92,14.09,14.1,14.12,14.13,14.14,14.15,14.2,14.22,14.23,14.24,3600,2700,2500,2200,2500,16200,500,100,300,300,1600,100,1000,24300,17900,8600,1600,100,1800,700
37.0,14.06,36000,507490.0,14.06,14.05,14.04,14.02,14.01,14.0,13.98,13.97,13.93,13.92,14.09,14.1,14.12,14.13,14.14,14.15,14.2,14.22,14.23,14.24,2800,2700,2500,2200,2500,16200,500,100,300,300,1500,100,1000,24300,17900,8600,1600,100,1800,700
38.0,14.06,36000,507490.0,14.06,14.05,14.04,14.02,14.01,14.0,13.98,13.97,13.93,13.92,14.09,14.1,14.12,14.13,14.14,14.15,14.2,14.22,14.23,14.24,2800,2800,2500,2200,2500,16200,500,100,300,300,1500,100,1000,24300,17900,8600,1600,100,1800,2700
39.0,14.09,36100,508899.0,14.06,14.05,14.04,14.02,14.01,14.0,13.98,13.97,13.93,13.92,14.09,14.1,14.12,14.13,14.14,14.15,14.2,14.22,14.23,14.24,2800,2800,2500,2200,2500,16200,500,100,300,300,1400,100,1000,14300,17900,8600,1600,100,1800,2700
40.0,14.09,36400,513120.0,14.06,14.05,14.04,14.02,14.01,14.0,13.98,13.97,13.93,13.92,14.09,14.1,14.13,14.14,14.15,14.2,14.22,14.23,14.24,14.25,2600,2800,2500,2200,2500,16200,500,100,300,300,1300,100,14300,17900,8600,1600,100,1800,2700,200
41.0,14.09,36900,520159.0,14.06,14.05,14.04,14.02,14.01,14.0,13.98,13.97,13.93,13.92,14.09,14.1,14.13,14.14,14.15,14.2,14.22,14.23,14.24,14.25,2500,2600,2500,2200,2500,16200,500,100,300,300,2000,100,14300,17900,8600,1600,100,1800,2700,200
42.0,14.09,36900,520159.0,14.06,14.05,14.04,14.02,14.01,14.0,13.98,13.97,13.93,13.92,14.09,14.1,14.13,14.14,14.15,14.2,14.22,14.23,14.24,14.25,2500,2600,2500,2200,2500,16200,500,100,300,300,2000,100,14300,17900,8600,1600,100,1800,2700,200
43.0,14.09,36900,520159.0,14.06,14.05,14.04,14.02,14.01,14.0,13.98,13.97,13.93,13.92,14.09,14.1,14.13,14.14,14.15,14.2,14.22,14.23,14.24,14.25,2500,2600,2500,2200,2800,16200,500,100,300,300,2000,100,14300,17900,8600,1600,100,1800,2700,200
44.0,14.09,37300,525795.0,14.06,14.05,14.04,14.02,14.01,14.0,13.98,13.97,13.93,13.92,14.09,14.1,14.13,14.14,14.15,14.2,14.22,14.23,14.24,14.25,2500,2600,2500,2200,2800,16200,500,100,300,300,3800,100,14300,17900,8600,1600,100,1800,2700,200
45.0,14.06,37800,532825.0,14.06,14.05,14.04,14.02,14.01,14.0,13.98,13.97,13.93,13.92,14.09,14.1,14.13,14.14,14.15,14.2,14.22,14.23,14.24,14.25,2000,2600,2500,2200,2800,16200,500,100,300,300,3800,100,14300,17900,8600,1600,100,1800,2700,200
46.0,14.06,40300,567975.0,14.07,14.05,14.04,14.02,14.01,14.0,13.98,13.97,13.93,13.92,14.09,14.1,14.13,14.14,14.15,14.2,14.22,14.23,14.24,14.25,2500,2600,2500,2200,2800,16200,500,100,300,300,3800,100,14300,17900,8600,1600,100,1800,2700,200
47.0,14.07,40700,573603.0,14.07,14.06,14.05,14.04,14.02,14.01,14.0,13.98,13.97,13.93,14.09,14.1,14.13,14.14,14.15,14.2,14.22,14.23,14.24,14.25,2100,100,2600,2500,2200,2800,16200,500,100,300,3800,100,14300,17900,8600,1600,100,1800,700,200
48.0,14.09,41000,577826.0,14.07,14.06,14.05,14.04,14.02,14.01,14.0,13.98,13.97,13.93,14.09,14.1,14.13,14.14,14.15,14.2,14.22,14.23,14.24,14.25,1900,1200,2600,2500,2200,2800,16200,500,100,300,3700,100,14300,17900,8600,1600,100,1800,700,200
49.0,14.09,41000,577826.0,14.07,14.06,14.05,14.04,14.02,14.01,14.0,13.98,13.97,13.93,14.09,14.1,14.13,14.14,14.15,14.2,14.22,14.23,14.24,14.25,2000,1200,2600,2500,2200,2800,16200,500,100,300,3700,100,14300,17900,8600,1600,100,1800,700,200
50.0,14.09,41000,577826.0,14.07,14.06,14.05,14.04,14.02,14.01,14.0,13.98,13.97,13.93,14.09,14.1,14.13,14.14,14.15,14.2,14.22,14.23,14.24,14.25,2000,1200,2600,2500,2200,2800,16200,500,100,300,3700,100,14300,17900,8600,1600,100,1800,700,200
51.0,14.07,41200,580640.0,14.07,14.06,14.05,14.04,14.02,14.01,14.0,13.98,13.97,13.93,14.09,14.1,14.13,14.14,14.15,14.2,14.22,14.23,14.24,14.25,1800,1200,3100,2500,2200,2800,16200,500,100,300,3700,100,14300,17900,8600,1600,100,1800,700,200
52.0,14.07,41200,580640.0,14.07,14.06,14.05,14.04,14.02,14.01,14.0,13.98,13.97,13.93,14.08,14.09,14.1,14.13,14.14,14.15,14.2,14.22,14.23,14.24,1800,1200,3100,2500,2200,2800,16200,500,100,300,100,3700,100,14300,17900,8600,1600,100,1800,700
53.0,14.07,41200,580640.0,14.07,14.06,14.05,14.04,14.02,14.01,14.0,13.98,13.97,13.93,14.08,14.09,14.1,14.13,14.14,14.15,14.2,14.22,14.23,14.24,1800,1200,3100,2500,2200,2800,16200,500,100,300,100,3700,100,14300,17900,8600,1600,100,1800,700
54.0,14.07,41400,583454.0,14.07,14.06,14.05,14.04,14.02,14.01,14.0,13.98,13.97,13.93,14.08,14.09,14.1,14.13,14.14,14.15,14.2,14.22,14.23,14.24,1600,1200,3100,2500,2200,2800,16200,500,100,300,100,3700,100,14300,17900,8600,1600,100,1800,700
55.0,14.08,41500,584862.0,14.07,14.06,14.05,14.04,14.02,14.01,14.0,13.98,13.97,13.93,14.09,14.1,14.13,14.14,14.15,14.2,14.22,14.23,14.24,14.25,2400,1200,3100,2500,2200,2800,16200,500,100,300,3700,100,14300,17900,8600,1600,100,1800,700,200
56.0,14.08,41500,584862.0,14.07,14.06,14.05,14.04,14.02,14.01,14.0,13.98,13.97,13.93,14.09,14.1,14.13,14.14,14.15,14.2,14.22,14.23,14.24,14.25,2600,1200,3100,2500,2200,2800,16400,500,100,300,3700,100,14300,17900,8600,1600,100,1800,700,200
57.0,14.07,41700,587676.0,14.07,14.06,14.05,14.04,14.02,14.01,14.0,13.98,13.97,13.93,14.09,14.1,14.13,14.14,14.15,14.2,14.22,14.23,14.24,14.25,2400,1200,3100,2500,2200,2800,16400,500,100,300,3700,100,14300,17900,8600,1600,100,1800,700,200
58.0,14.07,41700,587676.0,14.07,14.06,14.05,14.04,14.02,14.01,14.0,13.98,13.97,13.93,14.09,14.1,14.13,14.14,14.15,14.2,14.22,14.23,14.24,14.25,2500,1200,3000,2500,2200,2800,16400,500,100,300,3700,100,14300,17900,8600,1600,100,1800,700,200
59.0,14.07,41700,587676.0,14.07,14.06,14.05,14.04,14.02,14.01,14.0,13.99,13.98,13.97,14.09,14.1,14.13,14.14,14.15,14.2,14.22,14.23,14.24,14.25,2500,1200,3000,2500,2200,2800,16400,100,500,100,3700,100,14300,17900,8600,1600,100,1800,700,200
60.0,14.07,41900,590490.0,14.07,14.06,14.05,14.04,14.02,14.01,14.0,13.99,13.98,13.97,14.09,14.1,14.13,14.14,14.15,14.2,14.22,14.23,14.24,14.25,2300,1200,3000,2500,2200,2800,16400,100,500,100,3700,100,14300,17900,8600,1600,100,1800,700,200
61.0,14.07,41900,590490.0,14.07,14.06,14.05,14.04,14.02,14.01,14.0,13.99,13.98,13.97,14.09,14.1,14.13,14.14,14.15,14.2,14.22,14.23,14.24,14.25,2300,1300,3000,2500,2200,2800,16500,100,500,100,3700,100,14300,17900,8600,1600,100,1800,700,200
62.0,14.07,42200,594711.0,14.07,14.06,14.05,14.04,14.02,14.01,14.0,13.99,13.98,13.97,14.09,14.1,14.13,14.14,14.15,14.2,14.22,14.23,14.24,14.25,2100,1200,3000,2500,2200,2800,16500,100,500,100,3700,100,14300,17900,8600,1600,100,1800,700,200
63.0,14.07,44600,628485.0,14.06,14.05,14.04,14.02,14.01,14.0,13.99,13.98,13.97,13.93,14.07,14.09,14.1,14.13,14.14,14.15,14.2,14.22,14.23,14.24,1200,3000,2500,2200,2800,16500,100,500,100,300,5900,3400,100,14300,17900,8600,1600,100,1800,700
64.0,14.07,44600,628485.0,14.06,14.05,14.04,14.02,14.01,14.0,13.99,13.98,13.97,13.93,14.07,14.09,14.1,14.13,14.14,14.15,14.2,14.22,14.23,14.24,1200,3000,2500,2200,2800,16500,100,500,100,300,5900,3400,100,14300,17900,8600,1600,100,1800,700
65.0,14.06,45600,642545.0,14.06,14.05,14.04,14.02,14.01,14.0,13.99,13.98,13.97,13.93,14.07,14.09,14.13,14.14,14.15,14.2,14.22,14.23,14.24,14.25,500,3000,2500,2200,4900,16500,100,500,100,300,5900,3400,14300,17900,8600,1600,100,1800,700,200
66.0,14.07,47700,672092.0,14.06,14.05,14.04,14.02,14.01,14.0,13.99,13.98,13.97,13.93,14.07,14.09,14.13,14.14,14.15,14.2,14.22,14.23,14.24,14.25,500,3000,2500,2200,4900,16500,100,500,100,300,3800,3400,14300,17900,8600,1600,100,1800,700,200
67.0,14.07,48600,684755.0,14.06,14.05,14.04,14.02,14.01,14.0,13.99,13.98,13.97,13.93,14.07,14.09,14.13,14.14,14.15,14.2,14.22,14.23,14.24,14.25,500,3000,2500,2200,4900,16500,100,500,100,300,2900,3400,14300,17900,8500,1600,100,1800,700,200
68.0,14.07,49300,694604.0,14.06,14.05,14.04,14.02,14.01,14.0,13.99,13.98,13.97,13.93,14.07,14.09,14.13,14.14,14.15,14.2,14.22,14.23,14.24,14.25,900,3000,2500,2200,4900,16500,100,500,100,300,2200,3400,14300,17900,8500,1600,100,1800,700,200
69.0,14.05,50800,715688.0,14.05,14.04,14.02,14.01,14.0,13.99,13.98,13.97,13.93,13.92,14.07,14.09,14.13,14.14,14.15,14.2,14.22,14.23,14.24,14.25,3400,2500,2200,4900,16500,100,500,100,300,300,2300,3400,14300,17900,8500,1600,100,1800,700,200
70.0,14.07,53400,752267.0,14.07,14.05,14.04,14.02,14.01,14.0,13.99,13.98,13.97,13.93,14.09,14.13,14.14,14.15,14.2,14.22,14.23,14.24,14.25,14.28,600,3400,2500,2200,4900,16500,100,500,100,300,3400,14300,17900,8500,1600,100,1800,700,200,1300
71.0,14.06,54200,763521.0,14.05,14.04,14.02,14.01,14.0,13.99,13.98,13.97,13.93,13.92,14.06,14.09,14.13,14.14,14.15,14.2,14.22,14.23,14.24,14.25,3400,2500,2200,4900,16500,100,500,100,300,300,11700,3400,14300,17900,8500,1600,100,1800,700,200
72.0,14.06,54700,770551.0,14.05,14.04,14.02,14.01,14.0,13.99,13.98,13.97,13.93,13.92,14.06,14.09,14.13,14.14,14.15,14.2,14.22,14.23,14.24,14.25,3300,2500,2200,4900,16500,100,500,100,300,300,15500,3400,14300,17900,8500,1600,100,1800,700,200
73.0,14.06,55400,780393.0,14.05,14.04,14.02,14.01,14.0,13.99,13.98,13.97,13.93,13.92,14.06,14.09,14.13,14.14,14.15,14.2,14.22,14.23,14.24,14.25,3300,2500,2200,4900,16500,100,500,100,300,300,14800,3400,14300,17900,8500,1600,100,1800,700,200
74.0,14.06,65800,926617.0,14.05,14.04,14.02,14.01,14.0,13.99,13.98,13.97,13.93,13.92,14.06,14.09,14.13,14.14,14.15,14.2,14.22,14.23,14.24,14.25,6400,2500,2200,4900,16500,100,500,100,300,300,4400,3400,14300,17900,8500,4600,100,1800,700,200
75.0,14.06,66000,929429.0,14.05,14.04,14.02,14.01,14.0,13.99,13.98,13.97,13.93,13.92,14.06,14.09,14.13,14.14,14.15,14.2,14.22,14.23,14.24,14.25,6400,2500,2200,4900,16500,100,500,100,300,300,4200,3400,14300,17900,8500,4600,100,1800,700,200
76.0,14.06,70200,988481.0,14.06,14.05,14.04,14.02,14.01,14.0,13.99,13.98,13.97,13.93,14.08,14.09,14.13,14.14,14.15,14.2,14.22,14.23,14.24,14.25,5500,7400,100,2200,4900,16500,100,500,100,300,300,3400,14300,17900,8500,4600,100,1800,700,200
77.0,14.06,71500,1006779.0,14.06,14.05,14.04,14.02,14.01,14.0,13.99,13.98,13.97,13.93,14.09,14.13,14.14,14.15,14.2,14.22,14.23,14.24,14.25,14.28,5700,6800,100,2200,4900,16500,100,500,100,300,3400,14300,17900,8500,4600,100,1800,700,200,1300
78.0,14.07,72800,1025082.0,14.06,14.05,14.04,14.02,14.01,14.0,13.99,13.98,13.97,13.93,14.09,14.13,14.14,14.15,14.2,14.22,14.23,14.24,14.25,14.28,5700,6800,100,2200,4900,16500,100,500,100,300,2800,14300,17900,8500,4600,100,1800,700,200,1300
79.0,14.09,73000,1027900.0,14.06,14.05,14.04,14.02,14.01,14.0,13.99,13.98,13.97,13.93,14.09,14.13,14.14,14.15,14.2,14.22,14.23,14.24,14.25,14.28,5700,16800,100,2200,4900,6500,100,500,100,300,2600,14300,17900,8500,4600,100,1800,700,200,1300
80.0,14.09,73300,1032127.0,14.06,14.05,14.04,14.02,14.01,14.0,13.99,13.98,13.97,13.93,14.09,14.13,14.14,14.15,14.2,14.22,14.23,14.24,14.25,14.28,5700,17400,100,2200,5400,6500,100,500,100,300,2300,14300,17900,8500,4600,100,1800,700,200,1300
81.0,14.09,73300,1032127.0,14.07,14.06,14.05,14.04,14.02,14.01,14.0,13.99,13.98,13.97,14.09,14.13,14.14,14.15,14.2,14.22,14.23,14.24,14.25,14.28,200,5800,17400,100,2200,5400,6500,100,500,100,2300,14300,17900,8500,4600,100,1800,700,200,1300
82.0,14.06,75500,1063067.0,14.06,14.05,14.04,14.02,14.01,14.0,13.99,13.98,13.97,13.93,14.09,14.13,14.14,14.15,14.2,14.22,14.23,14.24,14.25,14.28,4000,17400,100,2200,5400,6500,100,500,100,300,4200,9100,17900,8500,4600,100,1800,700,200,1300
83.0,14.06,75500,1063067.0,14.07,14.06,14.05,14.04,14.02,14.01,14.0,13.99,13.98,13.97,14.09,14.13,14.14,14.15,14.2,14.22,14.23,14.24,14.25,14.28,200,4000,17500,100,2200,5400,6500,100,500,100,4200,9100,17900,8500,4600,100,1800,700,200,1300
84.0,14.06,75500,1063067.0,14.07,14.06,14.05,14.04,14.02,14.01,14.0,13.99,13.98,13.97,14.09,14.13,14.14,14.15,14.2,14.22,14.23,14.24,14.25,14.28,200,4000,17500,100,2200,5400,6500,100,500,100,4200,9100,17900,8500,4600,100,1800,700,200,1300
85.0,14.06,75500,1063067.0,14.07,14.06,14.05,14.04,14.02,14.01,14.0,13.99,13.98,13.97,14.09,14.13,14.14,14.15,14.2,14.22,14.23,14.24,14.25,14.28,200,4000,17500,100,2200,5400,6500,100,500,100,4200,9100,17900,8500,4600,100,1800,700,200,1300
86.0,14.09,75900,1068703.0,14.07,14.06,14.05,14.04,14.02,14.01,14.0,13.99,13.98,13.97,14.08,14.09,14.13,14.14,14.15,14.2,14.22,14.23,14.24,14.25,2100,3900,17500,100,2200,5400,6500,100,500,100,1100,3800,9100,17900,8500,4600,100,1800,700,200
87.0,14.08,77200,1087007.0,14.07,14.06,14.05,14.04,14.02,14.01,14.0,13.99,13.98,13.97,14.09,14.13,14.14,14.15,14.2,14.22,14.23,14.24,14.25,14.28,2100,4600,17500,100,2200,5400,6500,100,500,100,3800,9100,17900,8500,4600,100,1800,700,200,1300
88.0,14.08,77200,1087007.0,14.07,14.06,14.05,14.04,14.02,14.01,14.0,13.99,13.98,13.97,14.09,14.13,14.14,14.15,14.2,14.22,14.23,14.24,14.25,14.28,2200,4600,17500,100,2200,5400,6500,100,500,100,3800,9100,17900,8500,4600,100,1800,700,200,1300
89.0,14.09,78400,1103915.0,14.07,14.06,14.05,14.04,14.02,14.01,14.0,13.99,13.98,13.97,14.09,14.13,14.14,14.15,14.2,14.22,14.23,14.24,14.25,14.28,2300,6600,17500,100,2800,5400,6500,100,500,100,2600,9100,17900,8500,4600,100,1800,700,200,1300
90.0,14.09,78400,1103915.0,14.07,14.06,14.05,14.04,14.02,14.01,14.0,13.99,13.98,13.97,14.09,14.13,14.14,14.15,14.2,14.22,14.23,14.24,14.25,14.28,2300,6600,17500,100,2800,5400,6500,100,500,100,2600,9100,17900,8500,4600,100,1800,700,200,1300
91.0,14.07,78600,1106729.0,14.07,14.06,14.05,14.04,14.02,14.01,14.0,13.99,13.98,13.97,14.09,14.13,14.14,14.15,14.2,14.22,14.23,14.24,14.25,14.28,2100,6600,17500,100,2800,5400,6500,100,500,100,2600,9100,17900,8500,4600,100,1800,700,200,1300
92.0,14.09,81100,1141954.0,14.07,14.06,14.05,14.04,14.02,14.01,14.0,13.99,13.98,13.97,14.09,14.13,14.14,14.15,14.2,14.22,14.23,14.24,14.25,14.28,2100,6600,17500,100,2800,5400,7900,100,500,100,2200,9100,17900,8500,4600,100,1800,700,200,1300
93.0,14.09,81100,1141954.0,14.07,14.06,14.05,14.04,14.02,14.01,14.0,13.99,13.98,13.97,14.09,14.13,14.14,14.15,14.2,14.22,14.23,14.24,14.25,14.28,2100,6600,17500,100,2800,5400,7900,100,500,100,2200,9100,17900,8500,4600,100,1800,700,200,1300
94.0,14.09,81500,1147590.0,14.07,14.06,14.05,14.04,14.02,14.01,14.0,13.99,13.98,13.97,14.09,14.13,14.14,14.15,14.2,14.22,14.23,14.24,14.25,14.28,14700,6600,15000,100,2800,5400,7900,100,500,100,1800,9100,17900,8500,4600,100,1800,700,200,1300
95.0,14.07,82700,1164478.0,14.07,14.06,14.05,14.04,14.02,14.01,14.0,13.99,13.98,13.97,14.09,14.13,14.14,14.15,14.2,14.22,14.23,14.24,14.25,14.28,14100,6600,15000,100,2800,5400,7900,100,500,100,1700,9100,17900,8500,4600,100,1800,700,200,1300
96.0,14.09,83300,1172932.0,14.07,14.06,14.05,14.04,14.02,14.01,14.0,13.99,13.98,13.97,14.09,14.13,14.14,14.15,14.2,14.22,14.23,14.24,14.25,14.28,14500,6600,15000,100,2800,5400,7900,600,500,100,1100,9100,17900,8500,4600,100,1800,700,200,1300
97.0,14.09,83400,1174341.0,14.07,14.06,14.05,14.04,14.02,14.01,14.0,13.99,13.98,13.97,14.09,14.13,14.14,14.15,14.2,14.22,14.23,14.24,14.25,14.28,14500,6600,15000,100,2800,5400,7900,600,500,100,1000,9100,17900,8500,4600,100,1800,700,200,1300
98.0,14.07,84300,1187004.0,14.07,14.06,14.05,14.04,14.02,14.01,14.0,13.99,13.98,13.97,14.09,14.13,14.14,14.15,14.2,14.22,14.23,14.24,14.25,14.28,13600,6600,15000,100,2800,5400,7900,600,500,100,1100,9100,17900,8500,4600,100,1800,700,200,1300
99.0,14.09,85400,1202503.0,14.1,14.07,14.06,14.05,14.04,14.02,14.01,14.0,13.99,13.98,14.13,14.14,14.15,14.2,14.22,14.23,14.24,14.25,14.28,14.29,1000,13600,6600,15000,100,2800,5400,7900,600,500,9100,17900,8500,4600,100,1800,700,200,1300,1600
100.0,14.09,85400,1202503.0,14.1,14.07,14.06,14.05,14.04,14.02,14.01,14.0,13.99,13.98,14.13,14.14,14.15,14.2,14.22,14.23,14.24,14.25,14.28,14.29,1000,13600,6600,15000,100,2800,5400,7900,600,500,9100,17900,8500,4600,100,1800,700,200,1300,1600
101.0,14.13,86800,1222285.0,14.1,14.07,14.06,14.05,14.04,14.02,14.01,14.0,13.99,13.98,14.13,14.14,14.15,14.2,14.22,14.23,14.24,14.25,14.28,14.29,1000,13600,6600,15000,100,2800,5400,7900,600,500,7700,17900,8500,4600,100,1800,700,200,1300,1600
102.0,14.1,88500,1246276.0,14.07,14.06,14.05,14.04,14.02,14.01,14.0,13.99,13.98,13.97,14.09,14.13,14.14,14.15,14.2,14.22,14.23,14.24,14.25,14.28,13600,6600,15100,100,2800,5400,7900,600,500,100,2500,7000,17900,8500,4600,100,1800,700,200,1300
103.0,14.1,88500,1246276.0,14.07,14.06,14.05,14.04,14.02,14.01,14.0,13.99,13.98,13.97,14.08,14.09,14.13,14.14,14.15,14.2,14.22,14.23,14.24,14.25,13600,6600,15100,100,2800,5400,7900,600,500,100,5000,2500,7000,17900,8500,4600,100,1800,700,200
104.0,14.07,88600,1247683.0,14.07,14.06,14.05,14.04,14.02,14.01,14.0,13.99,13.98,13.97,14.08,14.09,14.13,14.14,14.15,14.2,14.22,14.23,14.24,14.25,10900,6600,14300,100,2800,5400,7900,600,500,100,5000,2500,7000,17900,8500,4600,100,1800,700,200
105.0,14.07,89300,1257532.0,14.07,14.06,14.05,14.04,14.02,14.01,14.0,13.99,13.98,13.97,14.08,14.09,14.13,14.14,14.15,14.2,14.22,14.23,14.24,14.25,10200,6600,14300,100,2800,5400,7900,600,500,100,5000,2500,7000,17900,8500,4600,100,1800,700,200
106.0,14.08,89800,1264572.0,14.07,14.06,14.05,14.04,14.02,14.01,14.0,13.99,13.98,13.97,14.08,14.09,14.13,14.14,14.15,14.2,14.22,14.23,14.24,14.25,10200,6600,14300,100,2800,5400,7900,600,500,100,4500,2500,7000,17900,8500,4600,100,1800,700,200
107.0,14.08,90500,1274428.0,14.07,14.06,14.05,14.04,14.02,14.01,14.0,13.99,13.98,13.97,14.08,14.09,14.13,14.14,14.15,14.2,14.22,14.23,14.24,14.25,10100,6600,14300,100,2800,5400,7900,600,500,100,3800,2500,7000,17900,8500,4600,100,1800,700,200
108.0,14.08,90500,1274428.0,14.07,14.06,14.05,14.04,14.02,14.01,14.0,13.99,13.98,13.97,14.08,14.09,14.13,14.14,14.15,14.2,14.22,14.23,14.24,14.25,10100,6600,14300,100,2800,5400,7900,600,500,100,3800,2500,7000,17900,8500,4600,100,1800,700,200
109.0,14.08,90800,1278652.0,14.07,14.06,14.05,14.04,14.02,14.01,14.0,13.99,13.98,13.97,14.08,14.09,14.13,14.14,14.15,14.2,14.22,14.23,14.24,14.25,11700,6600,14300,100,2800,5400,7900,600,500,100,3500,2500,7000,17900,8500,4600,100,1800,700,200
110.0,14.08,91000,1281468.0,14.07,14.06,14.05,14.04,14.02,14.01,14.0,13.99,13.98,13.97,14.08,14.09,14.13,14.14,14.15,14.2,14.22,14.23,14.24,14.25,11700,6600,14300,100,2800,5400,7900,600,500,100,3300,2500,7000,17900,8500,4600,100,1800,700,200
111.0,14.08,91000,1281468.0,14.07,14.06,14.05,14.04,14.02,14.01,14.0,13.99,13.98,13.97,14.08,14.09,14.13,14.14,14.15,14.2,14.22,14.23,14.24,14.25,11700,6600,14300,100,2800,5400,7900,600,500,100,3300,2500,7000,17900,8500,4600,100,1800,700,200
112.0,14.09,97600,1374421.0,14.09,14.08,14.07,14.06,14.05,14.04,14.02,14.01,14.0,13.99,14.13,14.14,14.15,14.2,14.22,14.23,14.24,14.25,14.27,14.28,400,200,11700,6600,14300,100,2800,5400,7900,600,7000,17900,8500,4600,100,1800,700,200,1000,1300
113.0,14.13,99000,1394203.0,14.09,14.08,14.07,14.06,14.05,14.04,14.02,14.01,14.0,13.99,14.13,14.14,14.15,14.2,14.22,14.23,14.24,14.25,14.27,14.28,1900,200,11800,6600,14300,100,2800,5400,7900,600,6300,17900,8500,4600,100,1800,700,200,1000,1300
114.0,14.13,99000,1394203.0,14.09,14.08,14.07,14.06,14.05,14.04,14.02,14.01,14.0,13.99,14.13,14.14,14.15,14.2,14.22,14.23,14.24,14.25,14.27,14.28,2500,200,11800,6600,14300,100,2800,5400,7900,600,6300,17900,8500,4600,100,1800,700,200,1000,1300
115.0,14.09,99100,1395612.0,14.09,14.08,14.07,14.06,14.05,14.04,14.02,14.01,14.0,13.99,14.13,14.14,14.15,14.2,14.22,14.23,14.24,14.25,14.27,14.28,3500,200,11800,6600,14300,100,2800,5400,7900,600,7400,17900,8500,4600,100,1800,700,200,1000,1300
116.0,14.13,99800,1405503.0,14.09,14.08,14.07,14.06,14.05,14.04,14.02,14.01,14.0,13.99,14.13,14.14,14.15,14.2,14.22,14.23,14.24,14.25,14.27,14.28,3600,200,11800,6600,14300,100,2800,5400,7900,600,6700,17900,8500,4600,100,1800,700,200,1000,1300
117.0,14.13,99800,1405503.0,14.09,14.08,14.07,14.06,14.05,14.04,14.02,14.01,14.0,13.99,14.13,14.14,14.15,14.2,14.22,14.23,14.24,14.25,14.27,14.28,4000,200,11800,6600,14300,100,2800,5400,7900,600,7100,17900,8500,4600,100,1800,700,200,1000,1300
118.0,14.09,100700,1418188.0,14.09,14.08,14.07,14.06,14.05,14.04,14.02,14.01,14.0,13.99,14.13,14.14,14.15,14.2,14.22,14.23,14.24,14.25,14.27,14.28,3900,200,11800,6600,14300,100,2800,5400,7900,600,7700,17900,8500,4600,100,1800,700,200,1000,1300
119.0,14.09,101500,1429488.0,14.09,14.08,14.07,14.06,14.05,14.04,14.02,14.01,14.0,13.99,14.13,14.14,14.15,14.2,14.22,14.23,14.24,14.25,14.27,14.28,4200,200,11800,6600,14300,100,2800,5400,7900,600,7400,17900,8500,4600,100,1800,700,200,1000,1300
120.0,14.09,101900,1435124.0,14.09,14.08,14.07,14.06,14.05,14.04,14.02,14.01,14.0,13.99,14.13,14.14,14.15,14.2,14.22,14.23,14.24,14.25,14.27,14.28,4100,200,11800,6600,14300,100,2800,3300,7900,600,7700,17900,8500,4600,100,1800,700,200,1000,1300
121.0,14.08,106600,1501345.0,14.07,14.06,14.05,14.04,14.02,14.01,14.0,13.99,13.98,13.97,14.08,14.13,14.14,14.15,14.2,14.22,14.23,14.24,14.25,14.27,11800,6600,14300,100,2800,3300,7900,600,500,100,900,8100,17900,8500,4600,100,1800,700,200,1000
122.0,14.08,106600,1501345.0,14.07,14.06,14.05,14.04,14.02,14.01,14.0,13.99,13.98,13.97,14.08,14.13,14.14,14.15,14.2,14.22,14.23,14.24,14.25,14.27,11700,6600,14300,100,2800,3300,7900,600,500,100,900,8100,17900,8500,4600,100,1800,700,200,1000
123.0,14.08,106600,1501345.0,14.07,14.06,14.05,14.04,14.02,14.01,14.0,13.99,13.98,13.97,14.08,14.13,14.14,14.15,14.2,14.22,14.23,14.24,14.25,14.27,11700,6600,14300,100,2800,3300,7900,600,500,100,900,8100,17900,8500,4600,100,1800,700,200,1000
124.0,14.07,110300,1553405.0,14.07,14.06,14.05,14.04,14.02,14.01,14.0,13.99,13.98,13.97,14.08,14.13,14.14,14.15,14.2,14.22,14.23,14.24,14.25,14.27,8100,6600,14300,100,2800,3300,7900,600,500,100,800,8100,17900,8500,4600,100,1800,700,200,1000
125.0,14.08,110500,1556221.0,14.07,14.06,14.05,14.04,14.02,14.01,14.0,13.99,13.98,13.97,14.08,14.13,14.14,14.15,14.2,14.22,14.23,14.24,14.25,14.27,8100,6600,14300,100,2800,3300,7900,600,500,100,700,8100,17900,8500,4600,100,1800,700,200,1000
126.0,14.08,110500,1556221.0,14.07,14.06,14.05,14.04,14.02,14.01,14.0,13.99,13.98,13.97,14.08,14.09,14.13,14.14,14.15,14.2,14.22,14.23,14.24,14.25,8100,6600,17300,100,2800,3300,7900,600,500,100,700,1200,8100,17900,8500,4600,100,1800,700,200
127.0,14.08,110500,1556221.0,14.07,14.06,14.05,14.04,14.02,14.01,14.0,13.99,13.98,13.97,14.08,14.09,14.13,14.14,14.15,14.2,14.22,14.23,14.24,14.25,8100,6600,17300,100,2800,3300,7800,600,500,100,700,1200,8100,17900,8500,4600,100,1800,700,200
128.0,14.08,110800,1560445.0,14.07,14.06,14.05,14.04,14.02,14.01,14.0,13.99,13.98,13.97,14.08,14.09,14.13,14.14,14.15,14.2,14.22,14.23,14.24,14.25,8100,6600,17300,100,2800,3300,7800,600,500,100,400,1200,8100,17900,8500,4600,100,1800,700,200
129.0,14.08,110800,1560445.0,14.07,14.06,14.05,14.04,14.02,14.01,14.0,13.99,13.98,13.97,14.08,14.09,14.13,14.14,14.15,14.2,14.22,14.23,14.24,14.25,8100,6600,17300,100,2800,3300,7800,600,500,100,400,2000,8100,17900,8400,4600,100,1800,700,200
130.0,14.08,110800,1560445.0,14.07,14.06,14.05,14.04,14.02,14.01,14.0,13.99,13.98,13.97,14.08,14.09,14.13,14.14,14.15,14.2,14.22,14.23,14.24,14.25,8100,6600,17300,100,2800,3300,7800,600,500,100,400,2000,8100,17900,8400,4600,100,1800,700,200
131.0,14.08,110800,1560445.0,14.07,14.06,14.05,14.04,14.02,14.01,14.0,13.99,13.98,13.97,14.08,14.09,14.13,14.14,14.15,14.2,14.22,14.23,14.24,14.25,8100,6600,17300,100,2800,3300,7800,600,500,100,400,2000,8100,17900,8400,4600,100,1800,700,200
132.0,14.08,110800,1560445.0,14.07,14.06,14.05,14.04,14.02,14.01,14.0,13.99,13.98,13.97,14.08,14.09,14.13,14.14,14.15,14.2,14.22,14.23,14.24,14.25,8100,6600,17300,100,2800,3300,7800,600,500,100,400,2000,8100,17900,8400,4600,100,1800,700,200
133.0,14.08,110800,1560445.0,14.07,14.06,14.05,14.04,14.02,14.01,14.0,13.99,13.98,13.97,14.08,14.09,14.13,14.14,14.15,14.2,14.22,14.23,14.24,14.25,8100,6600,17300,100,2800,3300,7800,600,500,100,400,2000,8100,17900,8400,4600,100,1800,700,200
134.0,14.08,110800,1560445.0,14.07,14.06,14.05,14.04,14.02,14.01,14.0,13.99,13.98,13.97,14.08,14.09,14.13,14.14,14.15,14.2,14.22,14.23,14.24,14.25,8100,6600,17300,100,2800,3300,7800,600,500,100,400,2000,8100,17900,8400,4600,100,1800,700,200
135.0,14.08,110800,1560445.0,14.07,14.06,14.05,14.04,14.02,14.01,14.0,13.99,13.98,13.97,14.08,14.09,14.13,14.14,14.15,14.2,14.22,14.23,14.24,14.25,8100,6600,17300,100,2800,3300,7800,600,500,100,400,800,8100,17900,8400,4600,100,1800,700,200
136.0,14.07,111900,1575923.0,14.07,14.06,14.05,14.04,14.02,14.01,14.0,13.99,13.98,13.97,14.08,14.09,14.13,14.14,14.15,14.2,14.22,14.23,14.24,14.25,7100,3700,17300,100,2800,3300,7800,600,500,100,300,800,8100,17900,8400,4600,100,1800,700,200
137.0,14.07,111900,1575923.0,14.07,14.06,14.05,14.04,14.02,14.01,14.0,13.99,13.98,13.97,14.08,14.09,14.13,14.14,14.15,14.2,14.22,14.23,14.24,14.25,7100,3700,17300,100,2800,3300,7800,600,500,100,300,800,8100,17900,8400,4600,100,1800,700,200
138.0,14.07,112000,1577330.0,14.07,14.06,14.05,14.04,14.02,14.01,14.0,13.99,13.98,13.97,14.08,14.09,14.13,14.14,14.15,14.2,14.22,14.23,14.24,14.25,7000,3700,17300,100,2800,3300,7800,600,500,100,300,800,8100,17900,8400,4600,100,1800,700,200
139.0,14.07,120400,1695518.0,14.06,14.05,14.04,14.02,14.01,14.0,13.99,13.98,13.97,13.93,14.07,14.08,14.09,14.13,14.14,14.15,14.2,14.22,14.23,14.24,3700,17300,100,2800,3300,7800,600,500,100,300,3400,1800,800,8100,17900,8400,4600,100,1800,700
140.0,14.07,120900,1702553.0,14.06,14.05,14.04,14.02,14.01,14.0,13.99,13.98,13.97,13.93,14.07,14.08,14.09,14.13,14.14,14.15,14.2,14.22,14.23,14.24,4300,17300,100,2800,3500,7800,600,500,100,300,9000,1800,800,8100,17900,8400,4600,100,1800,700
141.0,14.07,120900,1702553.0,14.06,14.05,14.04,14.02,14.01,14.0,13.99,13.98,13.97,13.93,14.07,14.08,14.09,14.13,14.14,14.15,14.2,14.22,14.23,14.24,4300,17300,100,2800,3500,7800,600,500,100,300,9000,1800,800,8100,17900,8400,4600,100,1800,700
142.0,14.07,121900,1716623.0,14.06,14.05,14.04,14.02,14.01,14.0,13.99,13.98,13.97,13.93,14.07,14.08,14.09,14.13,14.14,14.15,14.2,14.22,14.23,14.24,4400,17300,100,2800,3500,7800,600,500,100,300,20700,1600,800,8100,17900,8400,4600,100,1800,700
143.0,14.06,125600,1768652.0,14.06,14.05,14.04,14.02,14.01,14.0,13.99,13.98,13.97,13.93,14.07,14.08,14.09,14.13,14.14,14.15,14.2,14.22,14.23,14.24,1400,17300,100,2800,3500,7800,600,500,100,300,22600,1600,800,8100,17900,8400,4600,100,1800,700
144.0,14.06,125600,1768652.0,14.06,14.05,14.04,14.02,14.01,14.0,13.99,13.98,13.97,13.93,14.07,14.08,14.09,14.13,14.14,14.15,14.2,14.22,14.23,14.24,1400,17300,100,2800,3500,7800,600,500,100,300,22600,1600,800,8100,17900,8400,4600,100,1800,700
145.0,14.06,127000,1788336.0,14.05,14.04,14.02,14.01,14.0,13.99,13.98,13.97,13.93,13.92,14.06,14.07,14.08,14.09,14.13,14.14,14.15,14.2,14.22,14.23,17300,100,2800,3500,7800,600,500,100,300,300,3600,23000,1600,800,8100,17900,8400,4600,100,1800
146.0,14.06,129100,1817862.0,14.05,14.04,14.02,14.01,14.0,13.99,13.98,13.97,13.93,13.92,14.06,14.07,14.08,14.09,14.13,14.14,14.15,14.2,14.22,14.23,17300,100,2800,3500,7800,600,500,100,300,300,1500,23000,1500,800,8100,17900,8400,4600,100,1800
147.0,14.06,129200,1819268.0,14.05,14.04,14.02,14.01,14.0,13.99,13.98,13.97,13.93,13.92,14.06,14.07,14.08,14.09,14.13,14.14,14.15,14.2,14.22,14.23,17300,100,2800,3500,7800,600,500,100,300,300,1400,23000,1500,800,8100,17900,8400,4600,100,1800
148.0,14.06,130400,1836140.0,14.05,14.04,14.02,14.01,14.0,13.99,13.98,13.97,13.93,13.92,14.06,14.07,14.08,14.09,14.13,14.14,14.15,14.2,14.22,14.23,17300,100,2800,3500,7800,600,500,100,300,300,300,23000,1500,800,8100,17900,8400,4600,100,1800
149.0,14.06,130700,1840358.0,14.06,14.05,14.04,14.02,14.01,14.0,13.99,13.98,13.97,13.93,14.07,14.08,14.09,14.13,14.14,14.15,14.2,14.22,14.23,14.24,300,19500,100,2800,3500,7800,600,500,100,300,23000,1500,800,8100,17900,8400,4600,100,1800,700
150.0,14.06,132300,1862861.0,14.05,14.04,14.02,14.01,14.0,13.99,13.98,13.97,13.93,13.92,14.06,14.07,14.08,14.09,14.13,14.14,14.15,14.2,14.22,14.23,19500,100,2800,3500,7800,600,500,100,300,300,1100,22300,1500,800,8100,17900,8400,4600,100,1800
151.0,14.06,134600,1895179.0,14.05,14.04,14.02,14.01,14.0,13.99,13.98,13.97,13.93,13.92,14.06,14.07,14.08,14.09,14.13,14.14,14.15,14.2,14.22,14.23,17300,100,2800,3500,7800,600,500,100,300,300,800,22300,1500,800,8100,17900,8400,4600,100,1800
152.0,14.05,136600,1923279.0,14.05,14.04,14.02,14.01,14.0,13.99,13.98,13.97,13.93,13.92,14.06,14.07,14.08,14.09,14.13,14.14,14.15,14.2,14.22,14.23,15600,100,2800,3500,7800,600,500,100,300,300,800,22300,1500,800,8100,17900,8400,4600,100,1800
153.0,14.05,136600,1923279.0,14.05,14.04,14.02,14.01,14.0,13.99,13.98,13.97,13.93,13.92,14.06,14.07,14.08,14.09,14.13,14.14,14.15,14.2,14.22,14.23,15600,100,2900,3500,7800,600,500,100,300,300,1800,22300,1500,800,8100,17900,8400,4600,100,1800
154.0,14.06,136700,1924685.0,14.05,14.04,14.02,14.01,14.0,13.99,13.98,13.97,13.93,13.92,14.06,14.07,14.08,14.09,14.13,14.14,14.15,14.2,14.22,14.23,15600,100,2900,3500,7800,600,500,100,300,300,1700,22300,1500,800,8100,17900,8400,4600,100,1800
155.0,14.05,137700,1938735.0,14.05,14.04,14.02,14.01,14.0,13.99,13.98,13.97,13.93,13.92,14.06,14.07,14.08,14.09,14.13,14.14,14.15,14.2,14.22,14.23,14900,100,2900,3500,7800,600,500,100,300,300,2600,22300,1500,800,8100,17900,8400,4600,100,1800
156.0,14.05,138600,1951387.0,14.05,14.04,14.02,14.01,14.0,13.99,13.98,13.97,13.93,13.92,14.06,14.07,14.08,14.09,14.13,14.14,14.15,14.2,14.22,14.23,14700,100,2900,3500,7800,600,500,100,300,300,1900,22300,1500,800,8100,17900,8400,4600,100,1800
157.0,14.05,140800,1982303.0,14.05,14.04,14.02,14.01,14.0,13.99,13.98,13.97,13.93,13.92,14.06,14.07,14.08,14.09,14.13,14.14,14.15,14.2,14.22,14.23,13100,100,2900,3500,7800,600,1000,100,300,300,1300,22300,1500,800,8100,17900,8400,4600,100,1800
158.0,14.06,142100,2000581.0,14.06,14.05,14.04,14.02,14.01,14.0,13.99,13.98,13.97,13.93,14.07,14.08,14.09,14.13,14.14,14.15,14.2,14.22,14.23,14.24,3700,13100,100,2900,3500,7800,600,1000,100,300,22300,1500,800,8100,17900,8400,4600,100,1800,700
159.0,14.05,148500,2090566.0,14.05,14.04,14.02,14.01,14.0,13.99,13.98,13.97,13.93,13.92,14.06,14.07,14.08,14.09,14.13,14.14,14.15,14.2,14.22,14.23,11800,100,2900,3500,7800,600,1000,100,300,300,900,21000,1500,800,8100,17900,8400,4600,100,1800
160.0,14.05,150800,2122881.0,14.05,14.04,14.02,14.01,14.0,13.99,13.98,13.97,13.93,13.92,14.06,14.07,14.08,14.09,14.13,14.14,14.15,14.2,14.22,14.23,10200,100,2900,3500,7800,600,1000,100,300,300,1900,21000,1500,800,8100,17900,8400,4600,100,1800
161.0,14.06,151100,2127099.0,14.05,14.04,14.02,14.01,14.0,13.99,13.98,13.97,13.93,13.92,14.06,14.07,14.08,14.09,14.13,14.14,14.15,14.2,14.22,14.23,10500,100,2900,3500,7800,600,1000,100,300,300,1600,8300,1500,800,8100,17900,8400,4600,100,1800
162.0,14.06,151100,2127099.0,14.05,14.04,14.02,14.01,14.0,13.99,13.98,13.97,13.93,13.92,14.06,14.07,14.08,14.09,14.13,14.14,14.15,14.2,14.22,14.23,10500,100,2900,8500,7800,600,1000,100,300,300,1600,8300,1500,800,8100,17900,8400,4600,100,1800
163.0,14.06,151100,2127099.0,14.05,14.04,14.03,14.02,14.01,14.0,13.99,13.98,13.97,13.93,14.06,14.07,14.08,14.09,14.13,14.14,14.15,14.2,14.22,14.23,10500,100,2000,2900,8500,7800,600,1000,100,300,1600,8300,1500,800,8100,17900,8400,4600,100,1800
164.0,14.06,151500,2132723.0,14.05,14.04,14.03,14.02,14.01,14.0,13.99,13.98,13.97,13.93,14.06,14.07,14.08,14.09,14.13,14.14,14.15,14.2,14.22,14.23,10500,100,2000,2900,8500,7800,600,1000,100,300,1200,8300,1500,800,8100,17900,8400,4600,100,1800
165.0,14.06,151500,2132723.0,14.05,14.04,14.03,14.02,14.01,14.0,13.99,13.98,13.97,13.93,14.06,14.07,14.08,14.09,14.13,14.14,14.15,14.2,14.22,14.23,10500,100,2000,2900,8500,7800,600,1000,100,300,4100,8300,1500,800,8100,17900,8400,4600,100,1800
166.0,14.05,162000,2280248.0,14.04,14.03,14.02,14.01,14.0,13.99,13.98,13.97,13.93,13.92,14.05,14.06,14.07,14.08,14.09,14.13,14.14,14.15,14.2,14.22,100,2000,2900,8500,7800,600,1000,100,300,300,2300,4100,8300,1500,800,8100,17900,8400,4600,100
167.0,14.05,164100,2309753.0,14.04,14.03,14.02,14.01,14.0,13.99,13.98,13.97,13.93,13.92,14.05,14.06,14.07,14.08,14.09,14.13,14.14,14.15,14.2,14.22,100,2000,2900,8500,7800,600,1000,100,300,300,200,4100,8300,1500,800,7100,17900,8400,4600,100
168.0,14.05,164700,2318183.0,14.04,14.03,14.02,14.01,14.0,13.99,13.98,13.97,13.93,13.92,14.06,14.07,14.08,14.13,14.14,14.15,14.2,14.22,14.23,14.24,400,2000,2900,8500,7800,600,1000,100,300,300,4100,8300,1500,7100,17900,8400,4600,100,1800,700
169.0,14.05,164800,2319588.0,14.04,14.03,14.02,14.01,14.0,13.99,13.98,13.97,13.93,13.92,14.05,14.06,14.07,14.08,14.13,14.14,14.15,14.2,14.22,14.23,400,2000,2900,8500,8300,600,1000,100,300,300,1600,4100,8300,1500,7100,17900,8400,4600,100,1800
170.0,14.06,166500,2343474.0,14.05,14.04,14.03,14.02,14.01,14.0,13.99,13.98,13.97,13.93,14.06,14.07,14.08,14.13,14.14,14.15,14.2,14.22,14.23,14.24,900,2900,2000,2900,8500,8300,600,1000,100,300,4000,8300,1500,7100,17900,8400,4600,100,1800,700
171.0,14.06,168300,2368782.0,14.05,14.04,14.03,14.02,14.01,14.0,13.99,13.98,13.97,13.93,14.06,14.07,14.08,14.13,14.14,14.15,14.2,14.22,14.23,14.24,900,2600,2000,2900,8500,8300,600,1000,100,300,2200,8300,1500,7100,17900,8400,4600,100,1800,700
172.0,14.05,169200,2381427.0,14.04,14.03,14.02,14.01,14.0,13.99,13.98,13.97,13.93,13.92,14.05,14.06,14.07,14.08,14.13,14.14,14.15,14.2,14.22,14.23,2600,2000,2900,8500,8300,600,1000,100,300,300,1700,2200,5700,1500,7100,17900,8400,4600,100,1800
173.0,14.06,172300,2424996.0,14.04,14.03,14.02,14.01,14.0,13.99,13.98,13.97,13.93,13.92,14.06,14.07,14.08,14.13,14.14,14.15,14.2,14.22,14.23,14.24,2600,2000,2900,8500,8300,600,1000,100,300,300,800,5700,1500,7100,17900,8400,4600,100,1800,700
174.0,14.06,172300,2424996.0,14.04,14.03,14.02,14.01,14.0,13.99,13.98,13.97,13.93,13.92,14.06,14.07,14.08,14.13,14.14,14.15,14.2,14.22,14.23,14.24,2600,2000,2900,8500,8300,600,1000,100,300,300,800,5700,1500,7100,17900,8400,4600,100,1800,700
175.0,14.06,172300,2424996.0,14.04,14.03,14.02,14.01,14.0,13.99,13.98,13.97,13.93,13.92,14.06,14.07,14.08,14.13,14.14,14.15,14.2,14.22,14.23,14.24,2600,2000,2900,8500,8300,600,1000,100,300,300,800,5700,1500,7100,17900,8400,4600,100,1800,700
176.0,14.06,172500,2427808.0,14.04,14.03,14.02,14.01,14.0,13.99,13.98,13.97,13.93,13.92,14.06,14.07,14.08,14.13,14.14,14.15,14.2,14.22,14.23,14.24,2600,2000,2900,8500,8300,600,1000,100,300,300,900,5700,1500,7100,17900,8400,4600,100,1800,700
177.0,14.04,172600,2429212.0,14.04,14.03,14.02,14.01,14.0,13.99,13.98,13.97,13.93,13.92,14.06,14.07,14.08,14.13,14.14,14.15,14.2,14.22,14.23,14.24,4400,2000,2900,8500,8300,600,1000,100,300,300,900,5700,1500,7100,17900,8400,4600,100,1800,700
178.0,14.04,172600,2429212.0,14.05,14.04,14.03,14.02,14.01,14.0,13.99,13.98,13.97,13.93,14.06,14.07,14.08,14.13,14.14,14.15,14.2,14.22,14.23,14.24,900,4400,2000,2900,8500,8300,600,1000,100,300,900,5700,1500,7100,17900,8400,4600,100,1800,700
179.0,14.04,172600,2429212.0,14.05,14.04,14.03,14.02,14.01,14.0,13.99,13.98,13.97,13.93,14.06,14.07,14.08,14.13,14.14,14.15,14.2,14.22,14.23,14.24,900,4400,2000,2900,8500,8300,600,1000,100,300,900,5700,1500,7100,17900,8400,4600,100,1800,700
180.0,14.05,173100,2436237.0,14.05,14.04,14.03,14.02,14.01,14.0,13.99,13.98,13.97,13.93,14.06,14.07,14.08,14.13,14.14,14.15,14.2,14.22,14.23,14.24,2400,4400,2000,2900,8500,8300,600,1000,100,300,900,1400,1500,7100,17900,8400,4600,100,1800,700
181.0,14.05,173100,2436237.0,14.05,14.04,14.03,14.02,14.01,14.0,13.99,13.98,13.97,13.93,14.06,14.07,14.08,14.13,14.14,14.15,14.2,14.22,14.23,14.24,2400,4400,3000,2900,8500,8300,600,1000,100,300,900,1400,1500,7100,17900,8400,4600,100,1800,700
182.0,14.06,174000,2448891.0,14.06,14.05,14.04,14.03,14.02,14.01,14.0,13.99,13.98,13.97,14.07,14.08,14.13,14.14,14.15,14.2,14.22,14.23,14.24,14.25,2600,5100,2500,3000,2900,8500,8300,600,1000,100,1400,1500,7100,17900,8400,4600,100,1800,700,200
183.0,14.06,174700,2458735.0,14.06,14.05,14.04,14.03,14.02,14.01,14.0,13.99,13.98,13.97,14.07,14.08,14.13,14.14,14.15,14.2,14.22,14.23,14.24,14.25,2700,5100,2500,3000,2900,8500,8300,600,1000,100,1200,1500,7100,17900,8400,4600,100,1800,700,200
184.0,14.07,174800,2460142.0,14.06,14.05,14.04,14.03,14.02,14.01,14.0,13.99,13.98,13.97,14.07,14.08,14.13,14.14,14.15,14.2,14.22,14.23,14.24,14.25,3400,5100,2500,3000,2900,8500,8300,600,1000,100,1100,1500,7100,17900,8400,4600,100,1800,700,200
185.0,14.06,177300,2495299.0,14.06,14.05,14.04,14.03,14.02,14.01,14.0,13.99,13.98,13.97,14.07,14.08,14.13,14.14,14.15,14.2,14.22,14.23,14.24,14.25,2800,5800,1900,3000,2900,8500,8300,600,1000,100,500,1500,7100,17900,8400,4600,100,1800,700,200
186.0,14.07,178000,2505148.0,14.06,14.05,14.04,14.03,14.02,14.01,14.0,13.99,13.98,13.97,14.07,14.08,14.13,14.14,14.15,14.2,14.22,14.23,14.24,14.25,2800,5800,1900,3000,2900,8500,8300,600,1000,100,1100,1500,7100,17900,8400,4600,100,1800,700,200
187.0,14.07,178100,2506555.0,14.06,14.05,14.04,14.03,14.02,14.01,14.0,13.99,13.98,13.97,14.07,14.08,14.13,14.14,14.15,14.2,14.22,14.23,14.24,14.25,4300,5800,1900,3000,2900,8500,8700,600,1000,100,1000,1500,7100,17900,8400,4600,100,1800,700,200
188.0,14.07,179100,2520625.0,14.07,14.06,14.05,14.04,14.03,14.02,14.01,14.0,13.99,13.98,14.08,14.13,14.14,14.15,14.2,14.22,14.23,14.24,14.25,14.27,2200,4300,5800,1900,3000,2900,8500,8700,600,1000,1500,7100,17900,8400,4600,100,1800,700,200,1000
189.0,14.07,179100,2520625.0,14.07,14.06,14.05,14.04,14.03,14.02,14.01,14.0,13.99,13.98,14.08,14.13,14.14,14.15,14.2,14.22,14.23,14.24,14.25,14.27,2200,4300,5800,1900,3000,2900,8500,8700,600,1000,1500,7100,17900,8400,4600,100,1800,700,200,1000
190.0,14.07,179100,2520625.0,14.07,14.06,14.05,14.04,14.03,14.02,14.01,14.0,13.99,13.98,14.08,14.13,14.14,14.15,14.2,14.22,14.23,14.24,14.25,14.27,2200,4300,5800,1900,3000,2900,8500,8700,600,1000,1500,7100,17900,8400,4600,100,1800,700,200,1000
191.0,14.08,179800,2530481.0,14.07,14.06,14.05,14.04,14.03,14.02,14.01,14.0,13.99,13.98,14.08,14.13,14.14,14.15,14.2,14.22,14.23,14.24,14.25,14.27,2200,4300,5800,1900,3000,2900,8500,8700,600,1000,800,7100,17900,8400,4600,100,1800,700,200,1000
192.0,14.08,179900,2531889.0,14.07,14.06,14.05,14.04,14.03,14.02,14.01,14.0,13.99,13.98,14.08,14.13,14.14,14.15,14.2,14.22,14.23,14.24,14.25,14.27,2200,4300,5800,1900,3000,2900,9000,8700,600,1000,700,7100,17900,8400,4600,100,1800,700,200,1000
193.0,14.08,179900,2531889.0,14.07,14.06,14.05,14.04,14.03,14.02,14.01,14.0,13.99,13.98,14.08,14.13,14.14,14.15,14.2,14.22,14.23,14.24,14.25,14.27,2200,4300,5800,1900,3000,2900,9000,8700,600,1000,700,7100,17900,8400,4600,100,1800,700,200,1000
194.0,14.08,180000,2533297.0,14.07,14.06,14.05,14.04,14.03,14.02,14.01,14.0,13.99,13.98,14.08,14.13,14.14,14.15,14.2,14.22,14.23,14.24,14.25,14.27,2200,4300,5800,1900,3000,2900,9000,8700,600,1000,600,7100,17900,8400,4600,100,1800,700,200,1000
195.0,14.08,180000,2533297.0,14.07,14.06,14.05,14.04,14.03,14.02,14.01,14.0,13.99,13.98,14.08,14.13,14.14,14.15,14.2,14.22,14.23,14.24,14.25,14.27,2200,4300,5800,1900,3000,2900,9000,8700,600,1000,600,7100,17900,8400,4600,100,1800,700,200,1000
196.0,14.08,181100,2548779.0,14.07,14.06,14.05,14.04,14.03,14.02,14.01,14.0,13.99,13.98,14.08,14.11,14.13,14.14,14.15,14.2,14.22,14.23,14.24,14.25,1600,4300,5800,1900,3000,2900,9000,8700,600,1000,100,2100,7100,17900,8400,4600,100,1800,700,200
197.0,14.08,181100,2548779.0,14.07,14.06,14.05,14.04,14.03,14.02,14.01,14.0,13.99,13.98,14.08,14.11,14.13,14.14,14.15,14.2,14.22,14.23,14.24,14.25,1600,4300,5800,1900,3100,2900,9000,8700,600,1000,100,2100,7100,17900,8400,4600,100,1800,700,200
198.0,14.07,182500,2568477.0,14.07,14.06,14.05,14.04,14.03,14.02,14.01,14.0,13.99,13.98,14.08,14.11,14.13,14.14,14.15,14.2,14.22,14.23,14.24,14.25,1500,4300,5800,1900,3100,3200,9000,8700,600,1000,100,2100,7100,17900,8400,4600,100,1800,700,200
199.0,14.07,182500,2568477.0,14.07,14.06,14.05,14.04,14.03,14.02,14.01,14.0,13.99,13.98,14.08,14.11,14.13,14.14,14.15,14.2,14.22,14.23,14.24,14.25,1500,4300,5800,1900,3100,3200,9000,8700,600,1000,100,2100,7100,17900,8400,4600,100,1800,700,200
200.0,14.07,182500,2568477.0,14.07,14.06,14.05,14.04,14.03,14.02,14.01,14.0,13.99,13.98,14.08,14.11,14.13,14.14,14.15,14.2,14.22,14.23,14.24,14.25,1500,5400,5800,1900,3100,3900,9000,8700,600,1000,100,2100,7100,17900,8400,4600,100,1800,700,200
201.0,14.07,182500,2568477.0,14.07,14.06,14.05,14.04,14.03,14.02,14.01,14.0,13.99,13.98,14.08,14.11,14.13,14.14,14.15,14.2,14.22,14.23,14.24,14.25,1500,5400,5800,1900,3100,3900,9000,8700,600,1000,100,2100,7100,17900,8400,4600,100,1800,700,200
202.0,14.08,182600,2569885.0,14.08,14.07,14.06,14.05,14.04,14.03,14.02,14.01,14.0,13.99,14.11,14.13,14.14,14.15,14.2,14.22,14.23,14.24,14.25,14.27,100,1500,5400,5800,1900,3100,3900,9000,8700,600,2100,7100,17900,8400,4600,100,1800,700,200,1000
203.0,14.08,182600,2569885.0,14.08,14.07,14.06,14.05,14.04,14.03,14.02,14.01,14.0,13.99,14.11,14.13,14.14,14.15,14.2,14.22,14.23,14.24,14.25,14.27,100,1500,5400,5900,1900,3100,3900,9000,8700,600,2100,7100,17900,8400,4600,100,1800,700,200,1000
204.0,14.11,182800,2572707.0,14.08,14.07,14.06,14.05,14.04,14.03,14.02,14.01,14.0,13.99,14.11,14.13,14.14,14.15,14.2,14.22,14.23,14.24,14.25,14.27,400,2500,5400,5900,1900,3100,3900,9000,8700,600,2200,7100,17900,8400,4600,100,1800,700,200,1000
205.0,14.11,182800,2572707.0,14.08,14.07,14.06,14.05,14.04,14.03,14.02,14.01,14.0,13.99,14.11,14.13,14.14,14.15,14.2,14.22,14.23,14.24,14.25,14.27,900,2500,5400,5900,1900,3100,3900,9000,8700,600,2700,7100,17900,8400,4600,100,1800,700,200,1000
206.0,14.11,183300,2579762.0,14.08,14.07,14.06,14.05,14.04,14.03,14.02,14.01,14.0,13.99,14.11,14.13,14.14,14.15,14.2,14.22,14.23,14.24,14.25,14.27,1200,2500,5400,5900,1900,3100,3900,9000,8700,600,2500,7100,17900,8400,4600,100,1800,700,200,1000
207.0,14.11,183700,2585406.0,14.08,14.07,14.06,14.05,14.04,14.03,14.02,14.01,14.0,13.99,14.11,14.13,14.14,14.15,14.2,14.22,14.23,14.24,14.25,14.27,1600,2500,5400,5900,1900,3100,3900,9000,8700,600,2500,7100,17900,8400,4600,100,1800,700,200,1000
208.0,14.11,183700,2585406.0,14.08,14.07,14.06,14.05,14.04,14.03,14.02,14.01,14.0,13.99,14.11,14.13,14.14,14.15,14.2,14.22,14.23,14.24,14.25,14.27,1600,2500,5400,5900,1900,3100,3900,9000,8700,600,2500,7100,17900,8400,4600,100,1800,700,200,1000
209.0,14.11,183700,2585406.0,14.08,14.07,14.06,14.05,14.04,14.03,14.02,14.01,14.0,13.99,14.11,14.12,14.13,14.14,14.15,14.2,14.22,14.23,14.24,14.25,4600,2500,5400,4000,1900,3100,3900,9000,8700,600,2200,400,7100,17900,8400,4600,100,1800,700,200
210.0,14.11,183700,2585406.0,14.08,14.07,14.06,14.05,14.04,14.03,14.02,14.01,14.0,13.99,14.11,14.12,14.13,14.14,14.15,14.2,14.22,14.23,14.24,14.25,4600,2500,6400,4000,1900,3100,3900,9000,8700,600,2900,400,7100,17900,8400,4600,100,1800,700,200
211.0,14.11,183900,2588228.0,14.08,14.07,14.06,14.05,14.04,14.03,14.02,14.01,14.0,13.99,14.11,14.12,14.13,14.14,14.15,14.2,14.22,14.23,14.24,14.25,5300,2500,6400,4000,1900,3100,3900,9000,8800,600,3400,400,7100,17900,8400,4600,100,1800,700,200
212.0,14.11,183900,2588228.0,14.08,14.07,14.06,14.05,14.04,14.03,14.02,14.01,14.0,13.99,14.11,14.12,14.13,14.14,14.15,14.2,14.22,14.23,14.24,14.25,5300,4500,6400,4000,1900,3100,3900,9000,8800,600,3400,400,7100,17900,8400,4600,100,1800,700,200
213.0,14.11,183900,2588228.0,14.08,14.07,14.06,14.05,14.04,14.03,14.02,14.01,14.0,13.99,14.11,14.12,14.13,14.14,14.15,14.2,14.22,14.23,14.24,14.25,5300,5200,6400,4000,1900,3100,3900,9000,8800,600,3400,400,7100,17900,8400,4600,100,1800,700,200
214.0,14.11,183900,2588228.0,14.08,14.07,14.06,14.05,14.04,14.03,14.02,14.01,14.0,13.99,14.11,14.12,14.13,14.14,14.15,14.2,14.22,14.23,14.24,14.25,6000,5200,6400,4000,1900,3100,3900,9000,8800,600,4100,400,7100,17900,8400,4600,100,1800,700,200
215.0,14.11,184700,2599516.0,14.08,14.07,14.06,14.05,14.04,14.03,14.02,14.01,14.0,13.99,14.11,14.12,14.13,14.14,14.15,14.2,14.22,14.23,14.24,14.25,6000,5200,6400,4000,1900,3100,3900,9000,8800,600,3300,400,7100,17900,8400,4600,100,1800,700,200
216.0,14.11,184700,2599516.0,14.08,14.07,14.06,14.05,14.04,14.03,14.02,14.01,14.0,13.99,14.11,14.12,14.13,14.14,14.15,14.2,14.22,14.23,14.24,14.25,6000,5200,6400,4000,1900,3100,3900,9000,8800,600,3300,400,7100,17900,8400,4600,100,1800,700,200
217.0,14.11,185300,2607982.0,14.08,14.07,14.06,14.05,14.04,14.03,14.02,14.01,14.0,13.99,14.11,14.12,14.13,14.14,14.15,14.2,14.22,14.23,14.24,14.25,6300,5200,6400,4000,1900,3100,3900,9000,8800,600,3000,400,7100,17900,8400,4600,100,1800,700,200
218.0,14.11,185600,2612215.0,14.08,14.07,14.06,14.05,14.04,14.03,14.02,14.01,14.0,13.99,14.11,14.12,14.13,14.14,14.15,14.2,14.22,14.23,14.24,14.25,6300,5200,6400,4000,1900,3100,3900,9000,8800,600,2700,400,7100,17900,8400,4600,100,1800,700,200
219.0,14.11,187800,2643233.0,14.08,14.07,14.06,14.05,14.04,14.03,14.02,14.01,14.0,13.99,14.11,14.12,14.13,14.14,14.15,14.2,14.22,14.23,14.24,14.25,5800,5200,6400,4000,1900,3100,3900,9000,8800,600,2700,400,7100,17900,8400,4600,100,1800,700,200
220.0,14.11,187800,2643233.0,14.08,14.07,14.06,14.05,14.04,14.03,14.02,14.01,14.0,13.99,14.11,14.12,14.13,14.14,14.15,14.2,14.22,14.23,14.24,14.25,5800,5200,6400,4000,1900,3100,3900,9000,8800,600,2700,400,7100,17900,8400,4600,100,1800,700,200
221.0,14.08,187900,2644641.0,14.08,14.07,14.06,14.05,14.04,14.03,14.02,14.01,14.0,13.99,14.11,14.12,14.13,14.14,14.15,14.2,14.22,14.23,14.24,14.25,5700,5200,6400,4000,1900,3100,3900,9000,8800,600,2800,400,7100,17900,8400,4600,100,1800,700,200
222.0,14.11,188300,2650285.0,14.08,14.07,14.06,14.05,14.04,14.03,14.02,14.01,14.0,13.99,14.11,14.12,14.13,14.14,14.15,14.2,14.22,14.23,14.24,14.25,5900,5200,6400,4000,1900,3100,3900,9000,8800,600,2100,400,7100,17900,8400,4600,100,1800,700,200
223.0,14.11,188300,2650285.0,14.08,14.07,14.06,14.05,14.04,14.03,14.02,14.01,14.0,13.99,14.11,14.12,14.13,14.14,14.15,14.2,14.22,14.23,14.24,14.25,5900,5200,6400,4000,1900,3100,3900,9000,8800,600,2100,400,7600,17900,8400,4600,100,1800,700,200
224.0,14.11,188300,2650285.0,14.08,14.07,14.06,14.05,14.04,14.03,14.02,14.01,14.0,13.99,14.11,14.12,14.13,14.14,14.15,14.2,14.22,14.23,14.24,14.25,5900,5200,6400,4700,1900,3100,3900,9000,8800,600,2100,400,7600,17900,8400,4600,100,1800,700,200
225.0,14.11,188500,2653107.0,14.08,14.07,14.06,14.05,14.04,14.03,14.02,14.01,14.0,13.99,14.11,14.12,14.13,14.14,14.15,14.2,14.22,14.23,14.24,14.25,6100,5200,6400,4700,1900,3100,3900,9000,8800,600,2100,400,7600,17900,8400,4600,100,1800,700,200
226.0,14.11,188500,2653107.0,14.08,14.07,14.06,14.05,14.04,14.03,14.02,14.01,14.0,13.99,14.11,14.12,14.13,14.14,14.15,14.2,14.22,14.23,14.24,14.25,6100,5200,6400,3900,1900,3100,3900,9000,8800,600,2100,1400,7600,17900,8400,4600,100,1800,700,200
227.0,14.11,188500,2653107.0,14.08,14.07,14.06,14.05,14.04,14.03,14.02,14.01,14.0,13.99,14.11,14.12,14.13,14.14,14.15,14.2,14.22,14.23,14.24,14.25,6100,5200,6400,3900,1900,3100,3900,9000,8800,600,2400,1400,7600,17900,8400,4600,100,1800,700,200
228.0,14.11,188500,2653107.0,14.08,14.07,14.06,14.05,14.04,14.03,14.02,14.01,14.0,13.99,14.11,14.12,14.13,14.14,14.15,14.2,14.22,14.23,14.24,14.25,6300,5200,6400,3900,1900,3100,3900,9000,8800,600,2400,1400,7600,17900,8400,4600,100,1800,700,200
229.0,14.11,189100,2661573.0,14.08,14.07,14.06,14.05,14.04,14.03,14.02,14.01,14.0,13.99,14.11,14.12,14.13,14.14,14.15,14.2,14.22,14.23,14.24,14.25,6300,5200,6400,3900,1900,3100,3900,9000,8800,600,1800,1400,7600,17900,8400,4600,100,1800,700,200
230.0,14.11,189200,2662984.0,14.08,14.07,14.06,14.05,14.04,14.03,14.02,14.01,14.0,13.99,14.11,14.12,14.13,14.14,14.15,14.2,14.22,14.23,14.24,14.25,6800,5200,6400,3900,1900,3100,3900,9000,8800,600,1900,1400,7600,17900,8400,4600,100,1800,700,200
231.0,14.11,189200,2662984.0,14.08,14.07,14.06,14.05,14.04,14.03,14.02,14.01,14.0,13.99,14.11,14.12,14.13,14.14,14.15,14.2,14.22,14.23,14.24,14.25,6800,5200,6400,3900,1900,3100,3900,9000,8800,600,1900,1400,7600,17900,8400,4600,100,1800,700,200
232.0,14.11,189300,2664395.0,14.08,14.07,14.06,14.05,14.04,14.03,14.02,14.01,14.0,13.99,14.11,14.12,14.13,14.14,14.15,14.2,14.22,14.23,14.24,14.25,7000,5200,6400,3900,1900,3100,3900,9000,8800,600,2000,1400,7600,17900,8400,4600,100,1800,700,200
233.0,14.11,189300,2664395.0,14.08,14.07,14.06,14.05,14.04,14.03,14.02,14.01,14.0,13.99,14.11,14.12,14.13,14.14,14.15,14.2,14.22,14.23,14.24,14.25,7000,5200,6400,3900,1900,3100,3900,9000,8800,600,2000,1400,7600,17900,8400,4600,100,1800,700,200
234.0,14.11,189300,2664395.0,14.08,14.07,14.06,14.05,14.04,14.03,14.02,14.01,14.0,13.99,14.11,14.12,14.13,14.14,14.15,14.2,14.22,14.23,14.24,14.25,7000,5200,6400,3900,1900,3100,3900,9000,13800,600,2000,1400,7600,17900,8400,4600,100,1800,700,200
235.0,14.11,189300,2664395.0,14.08,14.07,14.06,14.05,14.04,14.03,14.02,14.01,14.0,13.99,14.11,14.12,14.13,14.14,14.15,14.2,14.22,14.23,14.24,14.25,7100,5200,6400,3900,1900,3100,3900,9000,13800,600,2900,1400,7600,17900,8400,4600,100,1800,700,200
236.0,14.11,189300,2664395.0,14.08,14.07,14.06,14.05,14.04,14.03,14.02,14.01,14.0,13.99,14.11,14.12,14.13,14.14,14.15,14.2,14.22,14.23,14.24,14.25,9100,5200,6400,3900,1900,3100,3900,9000,13800,600,2700,1400,7600,17900,8400,4600,100,1800,700,200
237.0,14.11,189500,2667217.0,14.08,14.07,14.06,14.05,14.04,14.03,14.02,14.01,14.0,13.99,14.11,14.12,14.13,14.14,14.15,14.2,14.22,14.23,14.24,14.25,9200,5200,6400,3900,1900,3100,3900,9000,13800,600,2600,1400,7600,17900,8400,4600,100,1800,700,200
238.0,14.11,189500,2667217.0,14.09,14.08,14.07,14.06,14.05,14.04,14.03,14.02,14.01,14.0,14.11,14.12,14.13,14.14,14.15,14.2,14.22,14.23,14.24,14.25,100,9200,5200,6400,3900,1900,3100,3900,9000,13800,2600,1400,7600,17900,8400,4600,100,1800,700,200
239.0,14.11,189500,2667217.0,14.09,14.08,14.07,14.06,14.05,14.04,14.03,14.02,14.01,14.0,14.11,14.12,14.13,14.14,14.15,14.2,14.22,14.23,14.24,14.25,100,9200,5200,6400,3900,1900,3100,3900,9000,13800,2600,1400,7600,17900,8400,4600,100,1800,700,200
240.0,14.11,189500,2667217.0,14.09,14.08,14.07,14.06,14.05,14.04,14.03,14.02,14.01,14.0,14.11,14.12,14.13,14.14,14.15,14.2,14.22,14.23,14.24,14.25,100,9200,5200,6400,3900,1900,3100,3900,9000,13800,2600,1400,7600,17900,8400,4600,100,1800,700,200
241.0,14.11,190000,2674272.0,14.09,14.08,14.07,14.06,14.05,14.04,14.03,14.02,14.01,14.0,14.11,14.12,14.13,14.14,14.15,14.2,14.22,14.23,14.24,14.25,100,9200,5200,6400,3900,1900,3100,3900,9000,13800,2100,1400,7600,17900,8400,4600,100,1800,700,200
242.0,14.11,190000,2674272.0,14.09,14.08,14.07,14.06,14.05,14.04,14.03,14.02,14.01,14.0,14.11,14.12,14.13,14.14,14.15,14.2,14.22,14.23,14.24,14.25,100,9200,5200,6400,3900,1900,3100,3900,9000,13800,2100,1400,7600,17900,8400,4600,100,1800,700,200
243.0,14.11,190000,2674272.0,14.09,14.08,14.07,14.06,14.05,14.04,14.03,14.02,14.01,14.0,14.11,14.12,14.13,14.14,14.15,14.2,14.22,14.23,14.24,14.25,100,9700,5200,6400,3900,1900,3100,3900,9000,13800,2100,1400,7600,17900,8400,4600,100,1800,700,200
244.0,14.11,190200,2677094.0,14.09,14.08,14.07,14.06,14.05,14.04,14.03,14.02,14.01,14.0,14.11,14.12,14.13,14.14,14.15,14.2,14.22,14.23,14.24,14.25,500,9700,5200,6400,3900,1900,3100,3900,9000,13800,1900,1400,7600,17900,8400,4600,100,1800,700,200
245.0,14.11,190200,2677094.0,14.09,14.08,14.07,14.06,14.05,14.04,14.03,14.02,14.01,14.0,14.11,14.12,14.13,14.14,14.15,14.2,14.22,14.23,14.24,14.25,500,9700,5200,6400,3900,1900,3100,3900,9000,13800,1900,1400,7600,17900,8400,4600,100,1800,700,200
246.0,14.11,190200,2677094.0,14.09,14.08,14.07,14.06,14.05,14.04,14.03,14.02,14.01,14.0,14.11,14.12,14.13,14.14,14.15,14.2,14.22,14.23,14.24,14.25,500,9700,5200,6400,3900,1900,3100,3900,9000,13800,1900,1400,7600,17900,8400,4600,100,1800,700,200
247.0,14.1,190300,2678504.0,14.09,14.08,14.07,14.06,14.05,14.04,14.03,14.02,14.01,14.0,14.1,14.11,14.12,14.13,14.14,14.15,14.2,14.22,14.23,14.24,400,9700,5200,6400,3900,1900,3100,3900,9000,13800,800,1900,1400,7600,17900,9500,4600,100,1800,700
248.0,14.1,190300,2678504.0,14.09,14.08,14.07,14.06,14.05,14.04,14.03,14.02,14.01,14.0,14.1,14.11,14.12,14.13,14.14,14.15,14.2,14.22,14.23,14.24,400,9700,5200,6400,3900,1900,3100,3900,9000,13800,800,1900,1400,7600,17900,9500,4600,100,1800,700
249.0,14.1,190300,2678504.0,14.09,14.08,14.07,14.06,14.05,14.04,14.03,14.02,14.01,14.0,14.1,14.11,14.12,14.13,14.14,14.15,14.2,14.22,14.23,14.24,400,9700,5200,6400,3900,1900,3100,3900,9000,13800,800,1900,1400,7600,17900,9500,4600,100,1800,700
250.0,14.1,190300,2678504.0,14.09,14.08,14.07,14.06,14.05,14.04,14.03,14.02,14.01,14.0,14.1,14.11,14.12,14.13,14.14,14.15,14.2,14.22,14.23,14.24,400,9700,5200,6400,3900,1900,3100,3900,9000,13800,800,1900,1400,7600,17900,9500,4600,100,1800,700
251.0,14.1,190300,2678504.0,14.09,14.08,14.07,14.06,14.05,14.04,14.03,14.02,14.01,14.0,14.1,14.11,14.12,14.13,14.14,14.15,14.2,14.22,14.23,14.24,400,9700,5200,6400,3900,1900,3100,3900,9000,13800,800,1900,1400,7600,17900,9500,4600,100,1800,700
252.0,14.1,190300,2678504.0,14.09,14.08,14.07,14.06,14.05,14.04,14.03,14.02,14.01,14.0,14.1,14.11,14.12,14.13,14.14,14.15,14.2,14.22,14.23,14.24,400,9700,5200,6400,3900,1900,3100,3900,9000,13800,800,1900,1400,7600,17900,9500,4600,100,1800,700
253.0,14.1,190400,2679914.0,14.09,14.08,14.07,14.06,14.05,14.04,14.03,14.02,14.01,14.0,14.1,14.11,14.12,14.13,14.14,14.15,14.2,14.22,14.23,14.24,400,9700,5200,6400,3900,1900,3100,3900,9000,13800,700,1900,1400,7600,17900,9500,4600,100,1800,700
254.0,14.1,190400,2679914.0,14.09,14.08,14.07,14.06,14.05,14.04,14.03,14.02,14.01,14.0,14.1,14.11,14.12,14.13,14.14,14.15,14.2,14.22,14.23,14.24,400,9700,5200,6400,3900,1900,3100,3900,9000,13800,700,1900,1400,7600,17900,9500,4600,100,1800,700
255.0,14.09,190800,2685550.0,14.08,14.07,14.06,14.05,14.04,14.03,14.02,14.01,14.0,13.99,14.09,14.1,14.11,14.12,14.13,14.14,14.15,14.2,14.22,14.23,7800,5200,6400,3900,1900,3100,3900,9000,13800,600,500,2700,1900,1400,7600,17900,9500,4600,100,1800
256.0,14.08,196000,2758766.0,14.08,14.07,14.06,14.05,14.04,14.03,14.02,14.01,14.0,13.99,14.09,14.1,14.11,14.12,14.13,14.14,14.15,14.2,14.22,14.23,2600,5200,6400,3900,1900,3100,3900,9000,13800,600,500,2700,1900,1400,7600,17900,9500,4600,100,1800
257.0,14.08,196000,2758766.0,14.08,14.07,14.06,14.05,14.04,14.03,14.02,14.01,14.0,13.99,14.09,14.1,14.11,14.12,14.13,14.14,14.15,14.2,14.22,14.23,2600,5400,6400,3900,1900,3100,3900,9000,13800,600,500,2700,1800,1400,7600,17900,9500,4600,100,1800
258.0,14.08,196200,2761582.0,14.08,14.07,14.06,14.05,14.04,14.03,14.02,14.01,14.0,13.99,14.09,14.1,14.11,14.12,14.13,14.14,14.15,14.2,14.22,14.23,2400,5400,6400,3900,1900,3100,3900,9000,13800,600,600,2700,1800,1400,7600,17900,9500,4600,100,1800
259.0,14.08,196800,2770035.0,14.08,14.07,14.06,14.05,14.04,14.03,14.02,14.01,14.0,13.99,14.09,14.1,14.11,14.12,14.13,14.14,14.15,14.2,14.22,14.23,3300,5400,6400,3900,1900,3100,3900,9000,13500,600,100,2700,1800,1400,7600,17900,9500,4600,100,1800
260.0,14.08,196800,2770035.0,14.08,14.07,14.06,14.05,14.04,14.03,14.02,14.01,14.0,13.99,14.09,14.1,14.11,14.12,14.13,14.14,14.15,14.2,14.22,14.23,3300,5400,6400,3900,1900,3100,3900,9000,13500,600,100,2700,1800,1400,7600,17200,9500,4600,100,1800
261.0,14.08,196800,2770035.0,14.08,14.07,14.06,14.05,14.04,14.03,14.02,14.01,14.0,13.99,14.09,14.1,14.11,14.12,14.13,14.14,14.15,14.2,14.22,14.23,3300,5400,6400,3900,1900,3100,3900,9000,13500,600,100,2700,1800,1400,7600,17200,9500,4600,100,1800
262.0,14.08,197100,2774259.0,14.08,14.07,14.06,14.05,14.04,14.03,14.02,14.01,14.0,13.99,14.09,14.1,14.11,14.12,14.13,14.14,14.15,14.2,14.22,14.23,3000,5400,6400,3900,2000,3100,3900,9000,13500,600,100,2700,1800,1400,7600,17200,9500,4600,100,1800
263.0,14.08,197100,2774259.0,14.08,14.07,14.06,14.05,14.04,14.03,14.02,14.01,14.0,13.99,14.09,14.1,14.11,14.12,14.13,14.14,14.15,14.2,14.22,14.23,3000,5400,6400,3900,2000,3100,3900,9000,13500,600,100,2700,1800,1400,7100,17200,9500,4600,100,1800
264.0,14.09,197200,2775668.0,14.09,14.08,14.07,14.06,14.05,14.04,14.03,14.02,14.01,14.0,14.1,14.11,14.12,14.13,14.14,14.15,14.2,14.22,14.23,14.24,100,3000,5400,6900,3900,2000,3100,3900,9000,13500,2700,1800,1400,7100,17200,9500,4600,100,1800,700
265.0,14.09,197200,2775668.0,14.09,14.08,14.07,14.06,14.05,14.04,14.03,14.02,14.01,14.0,14.1,14.11,14.12,14.13,14.14,14.15,14.2,14.22,14.23,14.24,100,3000,5400,6900,3900,2000,3100,3900,9000,13500,2700,1800,1400,7100,17200,9500,4600,100,1800,700
266.0,14.1,197500,2779898.0,14.09,14.08,14.07,14.06,14.05,14.04,14.03,14.02,14.01,14.0,14.1,14.11,14.12,14.13,14.14,14.15,14.2,14.22,14.23,14.24,100,3000,5400,6900,3900,2000,3100,3900,9000,13500,2500,1000,1400,7100,17200,9500,4600,100,1800,700
267.0,14.09,197700,2782716.0,14.08,14.07,14.06,14.05,14.04,14.03,14.02,14.01,14.0,13.99,14.09,14.1,14.11,14.12,14.13,14.14,14.15,14.2,14.22,14.23,3000,5400,6900,3900,2000,3100,3900,9000,13500,600,600,2500,1000,1400,7100,17200,9500,4600,100,1800
268.0,14.09,197700,2782716.0,14.08,14.07,14.06,14.05,14.04,14.03,14.02,14.01,14.0,13.99,14.09,14.1,14.11,14.12,14.13,14.14,14.15,14.2,14.22,14.23,3000,5400,6900,3900,2000,3100,3900,9000,13500,600,600,2500,1000,1400,7100,17200,9500,4600,100,1800
269.0,14.09,198700,2796803.0,14.08,14.07,14.06,14.05,14.04,14.03,14.02,14.01,14.0,13.99,14.1,14.11,14.12,14.13,14.14,14.15,14.2,14.22,14.23,14.24,2900,5200,6900,3900,2000,3100,3900,9000,13500,600,2500,1000,1400,7100,17200,9500,4600,100,1800,700
270.0,14.09,198700,2796803.0,14.08,14.07,14.06,14.05,14.04,14.03,14.02,14.01,14.0,13.99,14.1,14.11,14.12,14.13,14.14,14.15,14.2,14.22,14.23,14.24,2900,5200,6900,3900,2000,3100,3900,9000,13700,600,2500,1000,1400,7100,17200,9500,4600,100,1800,700
271.0,14.09,198700,2796803.0,14.08,14.07,14.06,14.05,14.04,14.03,14.02,14.01,14.0,13.99,14.1,14.11,14.12,14.13,14.14,14.15,14.2,14.22,14.23,14.24,2900,5200,6900,3900,2000,3100,3900,9000,13700,600,2500,1000,1400,7100,17200,9500,4600,100,1800,700
272.0,14.08,198900,2799619.0,14.08,14.07,14.06,14.05,14.04,14.03,14.02,14.01,14.0,13.99,14.1,14.11,14.12,14.13,14.14,14.15,14.2,14.22,14.23,14.24,2700,5400,6900,3900,2000,3100,3900,9000,13700,600,2500,1000,1400,7100,17200,9500,4600,100,1800,700
273.0,14.09,199100,2802437.0,14.08,14.07,14.06,14.05,14.04,14.03,14.02,14.01,14.0,13.99,14.09,14.1,14.11,14.12,14.13,14.14,14.15,14.2,14.22,14.23,2700,5400,6900,3900,2000,3100,3900,9000,13700,600,300,2500,1000,1400,7100,17200,9500,4600,100,1800
274.0,14.09,199100,2802437.0,14.08,14.07,14.06,14.05,14.04,14.03,14.02,14.01,14.0,13.99,14.09,14.1,14.11,14.12,14.13,14.14,14.15,14.2,14.22,14.23,2700,5400,6900,3900,2000,3100,3900,9000,13700,600,300,2500,1000,1400,7100,17200,9500,4600,100,1800
275.0,14.09,199800,2812294.0,14.08,14.07,14.06,14.05,14.04,14.03,14.02,14.01,14.0,13.99,14.09,14.1,14.11,14.12,14.13,14.14,14.15,14.2,14.22,14.23,2100,5400,6900,3900,2000,3100,3900,9000,13700,600,200,2500,1000,1400,7100,17200,9500,4600,100,1800
276.0,14.09,199800,2812294.0,14.08,14.07,14.06,14.05,14.04,14.03,14.02,14.01,14.0,13.99,14.09,14.1,14.11,14.12,14.13,14.14,14.15,14.2,14.22,14.23,2100,5400,6900,3900,2000,3100,3900,9000,13700,600,200,2500,1000,1400,7100,17200,9500,4600,100,1800
277.0,14.09,199800,2812294.0,14.08,14.07,14.06,14.05,14.04,14.03,14.02,14.01,14.0,13.99,14.09,14.1,14.11,14.12,14.13,14.14,14.15,14.2,14.22,14.23,2100,5400,6900,3900,2000,3100,3900,9000,13700,600,1400,2500,1000,1400,7100,17200,9500,4600,100,1800
278.0,14.08,200400,2820742.0,14.08,14.07,14.06,14.05,14.04,14.03,14.02,14.01,14.0,13.99,14.09,14.1,14.11,14.12,14.13,14.14,14.15,14.2,14.22,14.23,1500,5400,6900,3900,2000,3100,3900,9000,13700,600,2500,2500,1000,1400,7100,17200,9500,4600,100,1800
279.0,14.08,200500,2822150.0,14.08,14.07,14.06,14.05,14.04,14.03,14.02,14.01,14.0,13.99,14.09,14.1,14.11,14.12,14.13,14.14,14.15,14.2,14.22,14.23,1400,5400,6900,3900,2000,3100,3900,9000,13700,600,3300,2500,1000,1400,7100,17200,9500,4600,100,1800
280.0,14.09,202500,2850330.0,14.08,14.07,14.06,14.05,14.04,14.03,14.02,14.01,14.0,13.99,14.09,14.1,14.11,14.12,14.13,14.14,14.15,14.2,14.22,14.23,1400,5400,6900,3900,2000,3100,3900,9000,13700,600,1300,2500,1000,1400,7100,17200,9500,4600,100,1800
281.0,14.09,202600,2851739.0,14.08,14.07,14.06,14.05,14.04,14.03,14.02,14.01,14.0,13.99,14.09,14.1,14.11,14.12,14.13,14.14,14.15,14.2,14.22,14.23,1400,5400,6900,3900,2000,3100,3900,9000,13700,600,1200,2500,1000,1400,7100,17200,9500,4600,100,1800
282.0,14.08,202800,2854556.0,14.08,14.07,14.06,14.05,14.04,14.03,14.02,14.01,14.0,13.99,14.09,14.1,14.11,14.12,14.13,14.14,14.15,14.2,14.22,14.23,1300,5400,6900,3900,2000,3100,3900,9000,13700,600,1100,2500,1000,1400,7100,17200,9500,4600,100,1800
283.0,14.08,202800,2854556.0,14.08,14.07,14.06,14.05,14.04,14.03,14.02,14.01,14.0,13.99,14.09,14.1,14.11,14.12,14.13,14.14,14.15,14.2,14.22,14.23,1300,5400,6900,3900,2000,3100,3900,9000,13700,600,1100,2500,1000,1400,7100,17200,9500,4600,100,1800
284.0,14.08,202800,2854556.0,14.08,14.07,14.06,14.05,14.04,14.03,14.02,14.01,14.0,13.99,14.09,14.1,14.11,14.12,14.13,14.14,14.15,14.2,14.22,14.23,1300,5400,6900,4200,2000,3100,3900,9000,13700,600,1100,2500,1000,1400,7100,17200,9500,4600,100,1800
285.0,14.08,202900,2855964.0,14.08,14.07,14.06,14.05,14.04,14.03,14.02,14.01,14.0,13.99,14.09,14.1,14.11,14.12,14.13,14.14,14.15,14.2,14.22,14.23,1200,5400,6900,4200,2000,3100,3900,9000,13700,600,1100,2500,1000,1400,7100,17200,9500,4600,100,1800
286.0,14.08,202900,2855964.0,14.08,14.07,14.06,14.05,14.04,14.03,14.02,14.01,14.0,13.99,14.09,14.1,14.11,14.12,14.13,14.14,14.15,14.2,14.22,14.23,1200,5400,6900,4200,2000,3100,3900,9000,13700,600,1100,2500,1000,1400,7100,17200,9500,4600,100,1800
287.0,14.08,202900,2855964.0,14.08,14.07,14.06,14.05,14.04,14.03,14.02,14.01,14.0,13.99,14.09,14.1,14.11,14.12,14.13,14.14,14.15,14.2,14.22,14.23,1200,5400,6900,4200,2000,3100,3900,9000,13700,600,1100,2500,1000,1400,7100,17200,9500,4600,100,1800
288.0,14.09,204000,2871463.0,14.09,14.08,14.07,14.06,14.05,14.04,14.03,14.02,14.01,14.0,14.1,14.11,14.12,14.13,14.14,14.15,14.2,14.22,14.23,14.24,1000,1200,5400,6900,4200,2000,3100,3900,9000,13700,2500,1000,1400,7100,17200,9500,4600,100,1800,700
289.0,14.1,204300,2875692.0,14.09,14.08,14.07,14.06,14.05,14.04,14.03,14.02,14.01,14.0,14.1,14.11,14.12,14.13,14.14,14.15,14.2,14.22,14.23,14.24,900,1200,5400,6900,4200,2000,3100,3900,9000,13700,2300,1000,1400,7100,17200,9500,4600,100,1800,700
290.0,14.1,204300,2875692.0,14.09,14.08,14.07,14.06,14.05,14.04,14.03,14.02,14.01,14.0,14.1,14.11,14.12,14.13,14.14,14.15,14.2,14.22,14.23,14.24,900,1200,5400,6900,9200,2000,3100,3900,9000,13700,2300,1000,1400,7100,17200,9500,4600,100,1800,700
291.0,14.1,204300,2875692.0,14.09,14.08,14.07,14.06,14.05,14.04,14.03,14.02,14.01,14.0,14.1,14.11,14.12,14.13,14.14,14.15,14.2,14.22,14.23,14.24,900,1200,5400,6900,9200,2000,3100,3900,9000,13700,2300,1000,1400,7100,17200,9500,4600,100,1800,700
292.0,14.1,204300,2875692.0,14.09,14.08,14.07,14.06,14.05,14.04,14.03,14.02,14.01,14.0,14.1,14.11,14.12,14.13,14.14,14.15,14.2,14.22,14.23,14.24,900,1200,5400,6900,9200,2000,3100,3900,9000,13700,2300,1000,1400,7100,17200,9500,4600,100,1800,700
293.0,14.1,204300,2875692.0,14.09,14.08,14.07,14.06,14.05,14.04,14.03,14.02,14.01,14.0,14.1,14.11,14.12,14.13,14.14,14.15,14.2,14.22,14.23,14.24,1100,1000,5400,6900,9200,2000,3100,3900,9000,13700,2300,1000,1400,7100,17200,9500,4600,100,1800,700
294.0,14.1,204300,2875692.0,14.09,14.08,14.07,14.06,14.05,14.04,14.03,14.02,14.01,14.0,14.1,14.11,14.12,14.13,14.14,14.15,14.2,14.22,14.23,14.24,1100,1000,5400,6900,9200,2000,3100,3900,9000,13700,2300,1000,1400,7100,17200,9500,4600,100,1800,700
295.0,14.1,204300,2875692.0,14.09,14.08,14.07,14.06,14.05,14.04,14.03,14.02,14.01,14.0,14.1,14.11,14.12,14.13,14.14,14.15,14.2,14.22,14.23,14.24,1100,1000,5400,6900,9200,2000,3100,3900,9000,13700,2300,1000,1400,7100,17200,9500,4600,100,1800,700
296.0,14.08,206300,2903867.0,14.08,14.07,14.06,14.05,14.04,14.03,14.02,14.01,14.0,13.99,14.1,14.11,14.12,14.13,14.14,14.15,14.2,14.22,14.23,14.24,300,5400,6900,9300,2000,3100,3900,9000,14500,600,2100,1000,1400,7100,17200,9500,4600,100,1800,700
297.0,14.1,206400,2905277.0,14.08,14.07,14.06,14.05,14.04,14.03,14.02,14.01,14.0,13.99,14.1,14.11,14.12,14.13,14.14,14.15,14.2,14.22,14.23,14.24,600,5400,6900,9300,2000,3100,3900,9000,14500,600,2000,1000,1400,7100,17200,9500,4600,100,1800,700
298.0,14.1,206600,2908097.0,14.08,14.07,14.06,14.05,14.04,14.03,14.02,14.01,14.0,13.99,14.1,14.11,14.12,14.13,14.14,14.15,14.2,14.22,14.23,14.24,600,5400,6900,9300,2000,3100,3900,9000,14500,600,1800,1000,1400,7100,17200,9500,4600,100,1800,700
299.0,14.1,206900,2912327.0,14.08,14.07,14.06,14.05,14.04,14.03,14.02,14.01,14.0,13.99,14.1,14.11,14.12,14.13,14.14,14.15,14.2,14.22,14.23,14.24,600,5400,6900,9300,2000,3100,3900,9000,14500,600,1500,1000,1400,7100,17200,9500,4600,100,1800,700
300.0,14.1,206900,2912327.0,14.08,14.07,14.06,14.05,14.04,14.03,14.02,14.01,14.0,13.99,14.1,14.11,14.12,14.13,14.14,14.15,14.2,14.22,14.23,14.24,600,5400,6900,9300,2000,3100,3900,9000,14500,600,1500,1000,1400,7100,17200,9500,4600,100,1800,700
301.0,14.1,206900,2912327.0,14.08,14.07,14.06,14.05,14.04,14.03,14.02,14.01,14.0,13.99,14.1,14.11,14.12,14.13,14.14,14.15,14.2,14.22,14.23,14.24,600,5400,6900,9300,2000,3100,3900,9000,14500,600,1500,1000,1400,7100,17200,9500,4600,100,1800,700
302.0,14.1,207000,2913737.0,14.08,14.07,14.06,14.05,14.04,14.03,14.02,14.01,14.0,13.99,14.1,14.11,14.12,14.13,14.14,14.15,14.2,14.22,14.23,14.24,600,5400,6900,9300,2000,3100,3900,9000,14500,600,1400,1000,1400,7100,17200,9500,4600,100,1800,700
303.0,14.1,207100,2915147.0,14.08,14.07,14.06,14.05,14.04,14.03,14.02,14.01,14.0,13.99,14.1,14.11,14.12,14.13,14.14,14.15,14.2,14.22,14.23,14.24,600,5400,6900,9300,2000,3100,3900,9000,14500,600,1300,1000,1400,7100,17200,9500,4600,100,1800,700
304.0,14.1,207200,2916557.0,14.08,14.07,14.06,14.05,14.04,14.03,14.02,14.01,14.0,13.99,14.09,14.1,14.11,14.12,14.13,14.14,14.15,14.2,14.22,14.23,600,6400,6900,9300,2000,3100,3900,9000,14500,600,1100,1200,1000,1400,7100,17200,9500,4600,100,1800
305.0,14.09,208000,2927829.0,14.08,14.07,14.06,14.05,14.04,14.03,14.02,14.01,14.0,13.99,14.09,14.1,14.11,14.12,14.13,14.14,14.15,14.2,14.22,14.23,600,7700,6900,9300,2000,3100,3900,9000,14500,600,300,1200,1000,1400,7100,17200,9500,4600,100,1800
306.0,14.08,209200,2944734.0,14.08,14.07,14.06,14.05,14.04,14.03,14.02,14.01,14.0,13.99,14.1,14.11,14.12,14.13,14.14,14.15,14.2,14.22,14.23,14.24,1400,6400,6900,9300,2000,3100,3900,9000,14500,600,1000,1000,1400,7100,17200,9500,4600,100,1800,700
307.0,14.1,211000,2970114.0,14.1,14.09,14.08,14.07,14.06,14.05,14.04,14.03,14.02,14.01,14.11,14.12,14.13,14.14,14.15,14.2,14.22,14.23,14.24,14.25,2300,400,1400,6400,6900,9300,2000,3100,3900,9000,1000,1000,7100,17200,9500,4600,100,1800,700,200
308.0,14.1,211700,2979984.0,14.1,14.09,14.08,14.07,14.06,14.05,14.04,14.03,14.02,14.01,14.11,14.12,14.13,14.14,14.15,14.2,14.22,14.23,14.24,14.25,1700,200,1400,6400,6900,9300,2000,3100,3900,9000,1200,1000,7100,17200,9500,4600,100,1800,700,200
309.0,14.1,211700,2979984.0,14.1,14.09,14.08,14.07,14.06,14.05,14.04,14.03,14.02,14.01,14.11,14.12,14.13,14.14,14.15,14.2,14.22,14.23,14.24,14.25,1700,200,1400,6900,6900,9300,2000,3100,3900,9000,1200,1000,7100,17200,9500,4600,100,1800,700,200
310.0,14.12,213000,2998328.0,14.11,14.1,14.09,14.08,14.07,14.06,14.05,14.04,14.03,14.02,14.13,14.14,14.15,14.2,14.22,14.23,14.24,14.25,14.26,14.27,500,200,200,1400,6900,6900,9300,2000,3100,3900,7100,17200,9500,4600,100,1800,700,200,800,1000
311.0,14.12,213900,3011042.0,14.11,14.1,14.09,14.08,14.07,14.06,14.05,14.04,14.03,14.02,14.13,14.14,14.15,14.2,14.22,14.23,14.24,14.25,14.26,14.27,400,300,200,1400,6900,6900,9300,2000,3100,3900,6400,17200,9500,4600,100,1800,700,200,800,1000
312.0,14.12,213900,3011042.0,14.11,14.1,14.09,14.08,14.07,14.06,14.05,14.04,14.03,14.02,14.13,14.14,14.15,14.2,14.22,14.23,14.24,14.25,14.26,14.27,400,300,200,1400,6900,6900,9300,2000,3100,3900,6400,17200,9500,4600,100,1800,700,200,800,1000
313.0,14.11,214000,3012453.0,14.11,14.1,14.09,14.08,14.07,14.06,14.05,14.04,14.03,14.02,14.13,14.14,14.15,14.2,14.22,14.23,14.24,14.25,14.26,14.27,300,300,200,1400,6900,6900,9300,2000,3100,3900,6400,17200,9500,4600,100,1800,700,200,800,1000
314.0,14.11,214100,3013864.0,14.11,14.1,14.09,14.08,14.07,14.06,14.05,14.04,14.03,14.02,14.13,14.14,14.15,14.2,14.22,14.23,14.24,14.25,14.26,14.27,200,300,200,1400,6900,6900,9300,2000,3100,3900,6400,17200,9500,4600,100,1800,700,200,800,1000
315.0,14.11,214100,3013864.0,14.11,14.1,14.09,14.08,14.07,14.06,14.05,14.04,14.03,14.02,14.13,14.14,14.15,14.2,14.22,14.23,14.24,14.25,14.26,14.27,200,300,200,1400,6900,6900,9300,2000,3100,3900,6400,17200,9500,4600,100,1800,700,200,800,1000
316.0,14.11,214100,3013864.0,14.11,14.1,14.09,14.08,14.07,14.06,14.05,14.04,14.03,14.02,14.13,14.14,14.15,14.2,14.22,14.23,14.24,14.25,14.26,14.27,200,300,200,1400,6900,6900,9300,2000,3100,3900,6500,17200,9500,4600,100,1800,700,200,800,1000
317.0,14.13,214200,3015277.0,14.11,14.1,14.09,14.08,14.07,14.06,14.05,14.04,14.03,14.02,14.13,14.14,14.15,14.2,14.22,14.23,14.24,14.25,14.26,14.27,200,300,200,1400,6900,6900,9300,2000,3100,3900,6400,17200,9500,4600,100,1800,700,200,800,1000
318.0,14.11,215100,3027988.0,14.1,14.09,14.08,14.07,14.06,14.05,14.04,14.03,14.02,14.01,14.11,14.13,14.14,14.15,14.2,14.22,14.23,14.24,14.25,14.26,300,200,1400,6900,6900,9700,2000,3100,3900,8900,700,5800,17200,9500,4600,100,1800,700,200,800
319.0,14.11,215100,3027988.0,14.1,14.09,14.08,14.07,14.06,14.05,14.04,14.03,14.02,14.01,14.11,14.12,14.13,14.14,14.15,14.2,14.22,14.23,14.24,14.25,1300,200,1400,6900,6400,10200,2000,3100,3900,8900,700,500,5800,17200,9500,4600,100,1800,700,200
320.0,14.11,215100,3027988.0,14.1,14.09,14.08,14.07,14.06,14.05,14.04,14.03,14.02,14.01,14.11,14.12,14.13,14.14,14.15,14.2,14.22,14.23,14.24,14.25,1300,200,1400,6900,6400,10200,2000,3100,3900,8900,700,500,5800,17200,9500,4600,100,1800,700,200
321.0,14.11,215100,3027988.0,14.1,14.09,14.08,14.07,14.06,14.05,14.04,14.03,14.02,14.01,14.11,14.12,14.13,14.14,14.15,14.2,14.22,14.23,14.24,14.25,1300,200,1400,6900,6400,10200,2000,3100,3900,8900,700,1500,5800,17200,9500,4600,100,1800,700,200
322.0,14.11,215900,3039276.0,14.11,14.1,14.09,14.08,14.07,14.06,14.05,14.04,14.03,14.02,14.12,14.13,14.14,14.15,14.2,14.22,14.23,14.24,14.25,14.26,900,1300,200,1400,6900,6400,10200,2000,3100,3900,1500,5900,17400,9500,4600,100,1800,700,200,800
323.0,14.12,217000,3054807.0,14.1,14.09,14.08,14.07,14.06,14.05,14.04,14.03,14.02,14.01,14.12,14.13,14.14,14.15,14.2,14.22,14.23,14.24,14.25,14.26,1300,200,1400,6900,6400,10200,2000,3100,3900,8900,500,6300,17400,9500,4600,100,1800,700,200,800
324.0,14.1,217100,3056217.0,14.1,14.09,14.08,14.07,14.06,14.05,14.04,14.03,14.02,14.01,14.12,14.13,14.14,14.15,14.2,14.22,14.23,14.24,14.25,14.26,1200,200,1400,6900,6400,10200,2000,3100,3900,8900,500,6300,17500,9500,4600,100,1800,700,200,800
325.0,14.1,217100,3056217.0,14.1,14.09,14.08,14.07,14.06,14.05,14.04,14.03,14.02,14.01,14.12,14.13,14.14,14.15,14.2,14.22,14.23,14.24,14.25,14.26,1200,200,1400,6900,6400,10200,2000,3100,3900,8900,500,6300,17500,9500,4600,100,1800,700,200,800
326.0,14.1,217100,3056217.0,14.1,14.09,14.08,14.07,14.06,14.05,14.04,14.03,14.02,14.01,14.12,14.13,14.14,14.15,14.2,14.22,14.23,14.24,14.25,14.26,1200,200,1400,6900,6400,10200,2000,3100,3900,8900,500,6300,17500,9500,4600,100,1800,700,200,800
327.0,14.1,217200,3057627.0,14.1,14.09,14.08,14.07,14.06,14.05,14.04,14.03,14.02,14.01,14.12,14.13,14.14,14.15,14.2,14.22,14.23,14.24,14.25,14.26,1100,200,1400,6900,6400,10200,2000,3100,3900,8900,500,6500,17500,9500,4600,100,1800,700,200,800
328.0,14.1,217200,3057627.0,14.1,14.09,14.08,14.07,14.06,14.05,14.04,14.03,14.02,14.01,14.12,14.13,14.14,14.15,14.2,14.22,14.23,14.24,14.25,14.26,1100,200,1400,6900,6400,10200,2000,3100,3900,8900,500,6500,17500,9500,4600,100,1800,700,200,800
329.0,14.12,217300,3059039.0,14.11,14.1,14.09,14.08,14.07,14.06,14.05,14.04,14.03,14.02,14.12,14.13,14.14,14.15,14.2,14.22,14.23,14.24,14.25,14.26,100,1100,200,1400,6900,6400,10200,2000,3100,3900,1800,6600,17500,9500,4600,100,1800,700,200,800
330.0,14.12,217300,3059039.0,14.11,14.1,14.09,14.08,14.07,14.06,14.05,14.04,14.03,14.02,14.12,14.13,14.14,14.15,14.2,14.22,14.23,14.24,14.25,14.26,100,1300,200,1400,6900,6400,10200,2000,3100,3900,1800,6600,17500,9500,4600,100,1800,700,200,800
331.0,14.12,217300,3059039.0,14.11,14.1,14.09,14.08,14.07,14.06,14.05,14.04,14.03,14.02,14.12,14.13,14.14,14.15,14.2,14.22,14.23,14.24,14.25,14.26,100,1300,200,1400,6900,6400,10200,2000,3100,3900,1800,6600,17500,9500,4600,100,1800,700,200,800
332.0,14.12,217300,3059039.0,14.11,14.1,14.09,14.08,14.07,14.06,14.05,14.04,14.03,14.02,14.12,14.13,14.14,14.15,14.2,14.22,14.23,14.24,14.25,14.26,100,1300,200,1400,6900,6400,10200,2000,3100,3900,1800,6600,17500,9500,4600,100,1800,700,200,800
333.0,14.12,217400,3060451.0,14.11,14.1,14.09,14.08,14.07,14.06,14.05,14.04,14.03,14.02,14.12,14.13,14.14,14.15,14.2,14.22,14.23,14.24,14.25,14.26,100,1300,200,1400,6900,6400,10200,2000,3100,3900,1700,6600,17500,9500,4600,100,1800,700,200,800
334.0,14.12,217400,3060451.0,14.11,14.1,14.09,14.08,14.07,14.06,14.05,14.04,14.03,14.02,14.12,14.13,14.14,14.15,14.2,14.22,14.23,14.24,14.25,14.26,100,1300,200,1400,6900,6400,10200,2000,3100,3900,1700,6600,17500,9500,4600,100,1800,700,200,800
335.0,14.12,217400,3060451.0,14.11,14.1,14.09,14.08,14.07,14.06,14.05,14.04,14.03,14.02,14.12,14.13,14.14,14.15,14.2,14.22,14.23,14.24,14.25,14.26,100,1300,200,1400,6900,6400,10200,2000,3100,3900,1700,6600,17500,9500,4600,100,1800,700,200,800
336.0,14.12,217700,3064687.0,14.11,14.1,14.09,14.08,14.07,14.06,14.05,14.04,14.03,14.02,14.12,14.13,14.14,14.15,14.2,14.22,14.23,14.24,14.25,14.26,100,1300,200,1400,6900,6400,10400,2000,3100,3900,1400,6600,17500,9500,4600,100,1800,700,200,800
337.0,14.12,217700,3064687.0,14.11,14.1,14.09,14.08,14.07,14.06,14.05,14.04,14.03,14.02,14.12,14.13,14.14,14.15,14.2,14.22,14.23,14.24,14.25,14.26,100,1300,200,1400,6900,6400,10400,2000,3100,3900,1400,6600,17500,9500,4600,100,1800,700,200,800
338.0,14.12,217700,3064687.0,14.11,14.1,14.09,14.08,14.07,14.06,14.05,14.04,14.03,14.02,14.12,14.13,14.14,14.15,14.2,14.22,14.23,14.24,14.25,14.26,100,1300,200,1400,6900,6400,10400,2000,3100,3900,4400,6600,17500,9500,4600,100,1800,700,200,800
339.0,14.12,217700,3064687.0,14.11,14.1,14.09,14.08,14.07,14.06,14.05,14.04,14.03,14.02,14.12,14.13,14.14,14.15,14.2,14.22,14.23,14.24,14.25,14.26,100,1300,200,1400,6900,6400,10400,2000,3100,3900,4400,6600,17500,9500,4600,100,1800,700,200,800
340.0,14.12,217700,3064687.0,14.11,14.1,14.09,14.08,14.07,14.06,14.05,14.04,14.03,14.02,14.12,14.13,14.14,14.15,14.2,14.22,14.23,14.24,14.25,14.26,200,1300,200,1400,6900,6500,10400,2000,3100,3900,4400,6700,17500,9500,4600,100,1800,700,200,800
341.0,14.12,218100,3070335.0,14.11,14.1,14.09,14.08,14.07,14.06,14.05,14.04,14.03,14.02,14.12,14.13,14.14,14.15,14.2,14.22,14.23,14.24,14.25,14.26,300,1200,200,1400,6900,6500,10400,2000,3100,3900,4000,6700,17500,9500,4600,100,1800,700,200,800
342.0,14.12,218100,3070335.0,14.11,14.1,14.09,14.08,14.07,14.06,14.05,14.04,14.03,14.02,14.12,14.13,14.14,14.15,14.2,14.22,14.23,14.24,14.25,14.26,400,1600,200,1400,6900,6500,10400,2000,3100,4100,4100,6700,17500,9500,4600,100,1800,700,200,800
343.0,14.12,218200,3071747.0,14.11,14.1,14.09,14.08,14.07,14.06,14.05,14.04,14.03,14.02,14.12,14.13,14.14,14.15,14.2,14.22,14.23,14.24,14.25,14.26,400,1600,200,1400,6900,6500,10400,2000,3100,4100,4000,6800,17500,9500,4600,100,1800,700,200,800
344.0,14.12,218700,3078807.0,14.11,14.1,14.09,14.08,14.07,14.06,14.05,14.04,14.03,14.02,14.12,14.13,14.14,14.15,14.2,14.22,14.23,14.24,14.25,14.26,400,1600,200,1400,6900,6500,10400,2000,3100,4100,3500,6800,17500,9500,4600,100,1800,700,200,800
345.0,14.12,218700,3078807.0,14.11,14.1,14.09,14.08,14.07,14.06,14.05,14.04,14.03,14.02,14.12,14.13,14.14,14.15,14.2,14.22,14.23,14.24,14.25,14.26,400,1600,200,1400,6900,6500,10400,2000,3100,4100,3500,6800,17500,9500,4600,100,1800,700,200,800
346.0,14.12,219400,3088691.0,14.11,14.1,14.09,14.08,14.07,14.06,14.05,14.04,14.03,14.02,14.12,14.13,14.14,14.15,14.2,14.22,14.23,14.24,14.25,14.26,400,1200,200,1400,6900,6500,10400,2000,3100,4100,2800,6800,17500,9500,4600,100,1800,700,200,800
347.0,14.12,219500,3090103.0,14.11,14.1,14.09,14.08,14.07,14.06,14.05,14.04,14.03,14.02,14.12,14.13,14.14,14.15,14.2,14.22,14.23,14.24,14.25,14.26,400,1200,200,1400,6900,6500,10400,2000,3100,4100,2800,6800,17500,9500,4600,100,1800,700,200,800
348.0,14.12,219700,3092927.0,14.11,14.1,14.09,14.08,14.07,14.06,14.05,14.04,14.03,14.02,14.12,14.13,14.14,14.15,14.2,14.22,14.23,14.24,14.25,14.26,400,1200,200,1400,6900,6500,10400,2000,3100,4100,2900,6800,17500,9500,4600,100,1800,700,200,800
349.0,14.11,220100,3098571.0,14.1,14.09,14.08,14.07,14.06,14.05,14.04,14.03,14.02,14.01,14.11,14.12,14.13,14.14,14.15,14.2,14.22,14.23,14.24,14.25,1200,200,1400,6900,6500,10400,2000,3100,4100,10400,500,2900,6800,17500,9500,4600,100,1800,700,200
350.0,14.11,220100,3098571.0,14.1,14.09,14.08,14.07,14.06,14.05,14.04,14.03,14.02,14.01,14.11,14.12,14.13,14.14,14.15,14.2,14.22,14.23,14.24,14.25,1200,200,1400,6900,6500,10400,2000,3100,3900,10400,600,2900,6800,17500,9500,4600,100,1800,700,200
351.0,14.11,220300,3101392.0,14.1,14.09,14.08,14.07,14.06,14.05,14.04,14.03,14.02,14.01,14.11,14.12,14.13,14.14,14.15,14.2,14.22,14.23,14.24,14.25,1100,200,1400,6900,6500,10400,2000,3100,3900,10400,500,2900,6800,17500,9500,4600,100,1800,700,200
352.0,14.11,220300,3101392.0,14.1,14.09,14.08,14.07,14.06,14.05,14.04,14.03,14.02,14.01,14.11,14.12,14.13,14.14,14.15,14.2,14.22,14.23,14.24,14.25,1400,200,1400,6900,6500,10400,2000,3100,3900,10400,500,3000,6800,17500,9500,4600,100,1800,700,200
353.0,14.11,220500,3104214.0,14.1,14.09,14.08,14.07,14.06,14.05,14.04,14.03,14.02,14.01,14.11,14.12,14.13,14.14,14.15,14.2,14.22,14.23,14.24,14.25,1400,200,1400,6900,6500,10400,2000,3100,3900,10400,300,3000,6800,17500,9500,4600,100,1800,700,200
354.0,14.11,220500,3104214.0,14.1,14.09,14.08,14.07,14.06,14.05,14.04,14.03,14.02,14.01,14.11,14.12,14.13,14.14,14.15,14.2,14.22,14.23,14.24,14.25,1400,200,1400,6900,6500,10400,2000,3100,3900,10400,300,3000,6800,17500,9500,4600,100,1800,700,200
355.0,14.1,220600,3105624.0,14.1,14.09,14.08,14.07,14.06,14.05,14.04,14.03,14.02,14.01,14.11,14.12,14.13,14.14,14.15,14.2,14.22,14.23,14.24,14.25,2900,200,1400,6900,6500,10400,2000,3100,3900,10400,1000,3000,6800,17500,9500,4600,100,1800,700,200
356.0,14.1,220600,3105624.0,14.1,14.09,14.08,14.07,14.06,14.05,14.04,14.03,14.02,14.01,14.11,14.12,14.13,14.14,14.15,14.2,14.22,14.23,14.24,14.25,2900,200,1400,6900,6500,10400,2000,3100,3900,10400,1000,3000,6800,17500,9500,4600,100,1800,700,200
357.0,14.1,221100,3112674.0,14.1,14.09,14.08,14.07,14.06,14.05,14.04,14.03,14.02,14.01,14.11,14.12,14.13,14.14,14.15,14.2,14.22,14.23,14.24,14.25,2400,200,1400,6900,6500,10100,2000,3100,3900,10400,1200,3000,6800,17500,9500,4600,100,1800,700,200
358.0,14.1,221400,3116904.0,14.1,14.09,14.08,14.07,14.06,14.05,14.04,14.03,14.02,14.01,14.11,14.12,14.13,14.14,14.15,14.2,14.22,14.23,14.24,14.25,2100,200,1400,6900,6500,10100,2000,3100,3900,10400,1200,3000,6800,17500,9500,4600,100,1800,700,200
359.0,14.1,221400,3116904.0,14.1,14.09,14.08,14.07,14.06,14.05,14.04,14.03,14.02,14.01,14.11,14.12,14.13,14.14,14.15,14.2,14.22,14.23,14.24,14.25,2100,200,1400,6900,6500,10100,2000,3100,3900,10400,1200,3000,6800,17500,9500,4600,100,1800,700,200
360.0,14.1,221400,3116904.0,14.1,14.09,14.08,14.07,14.06,14.05,14.04,14.03,14.02,14.01,14.11,14.12,14.13,14.14,14.15,14.2,14.22,14.23,14.24,14.25,2100,200,1400,6900,6500,10100,2000,3100,3900,10400,1200,3000,6800,17500,9500,4600,100,1800,700,200
361.0,14.1,222600,3133824.0,14.1,14.09,14.08,14.07,14.06,14.05,14.04,14.03,14.02,14.01,14.11,14.12,14.13,14.14,14.15,14.2,14.22,14.23,14.24,14.25,900,200,1400,6900,6500,10100,2000,3100,3900,10400,1200,3000,6400,17500,9500,4600,100,1800,700,200
362.0,14.11,222700,3135235.0,14.1,14.09,14.08,14.07,14.06,14.05,14.04,14.03,14.02,14.01,14.11,14.12,14.13,14.14,14.15,14.2,14.22,14.23,14.24,14.25,900,200,1400,6900,6500,10300,2000,3100,3900,10400,1100,3000,6400,17500,9500,4600,100,1800,700,200
363.0,14.11,222700,3135235.0,14.1,14.09,14.08,14.07,14.06,14.05,14.04,14.03,14.02,14.01,14.11,14.12,14.13,14.14,14.15,14.2,14.22,14.23,14.24,14.25,900,200,1400,6900,7100,10300,2000,3100,3900,10400,1100,3000,6400,17500,9500,4600,100,1800,700,200
364.0,14.11,222700,3135235.0,14.1,14.09,14.08,14.07,14.06,14.05,14.04,14.03,14.02,14.01,14.11,14.12,14.13,14.14,14.15,14.2,14.22,14.23,14.24,14.25,900,200,1400,6900,7100,10300,2000,3100,3900,10400,1100,3100,6400,17500,9500,4600,100,1800,700,200
365.0,14.11,222700,3135235.0,14.1,14.08,14.07,14.06,14.05,14.04,14.03,14.02,14.01,14.0,14.11,14.12,14.13,14.14,14.15,14.2,14.22,14.23,14.24,14.25,900,1400,6900,7100,10300,2000,1100,3900,10400,23500,1100,3100,6400,17500,9500,4600,100,1800,700,200
366.0,14.11,222700,3135235.0,14.1,14.08,14.07,14.06,14.05,14.04,14.03,14.02,14.01,14.0,14.11,14.12,14.13,14.14,14.15,14.2,14.22,14.23,14.24,14.25,900,1400,6900,7100,10300,2000,1100,3900,10400,23500,1100,3100,6400,17500,9500,4600,100,1800,700,200
367.0,14.11,222700,3135235.0,14.1,14.08,14.07,14.06,14.05,14.04,14.03,14.02,14.01,14.0,14.11,14.12,14.13,14.14,14.15,14.2,14.22,14.23,14.24,14.25,900,1400,7200,7100,10300,2000,1100,3900,10400,23500,1100,3100,6400,17500,9500,4600,100,1800,700,200
368.0,14.11,222700,3135235.0,14.1,14.08,14.07,14.06,14.05,14.04,14.03,14.02,14.01,14.0,14.11,14.12,14.13,14.14,14.15,14.2,14.22,14.23,14.24,14.25,900,1400,7200,7100,10300,2000,1100,3900,10400,23500,1100,3100,6400,17500,9500,4600,100,1800,700,200
369.0,14.11,223000,3139467.0,14.1,14.08,14.07,14.06,14.05,14.04,14.03,14.02,14.01,14.0,14.11,14.12,14.13,14.14,14.15,14.2,14.22,14.23,14.24,14.25,1200,1400,7200,7100,10300,2000,1100,3900,10400,23500,200,3100,6400,17500,9500,4600,100,1800,700,200
370.0,14.11,223000,3139467.0,14.1,14.08,14.07,14.06,14.05,14.04,14.03,14.02,14.01,14.0,14.11,14.12,14.13,14.14,14.15,14.2,14.22,14.23,14.24,14.25,1200,1400,6700,7100,10300,2000,1100,3900,10400,23500,200,3100,6400,17500,9500,4600,100,1800,700,200
371.0,14.1,223100,3140877.0,14.1,14.08,14.07,14.06,14.05,14.04,14.03,14.02,14.01,14.0,14.11,14.12,14.13,14.14,14.15,14.2,14.22,14.23,14.24,14.25,1100,1400,6700,7100,10300,2000,1100,3900,10400,23500,200,3100,6400,17500,9500,4600,100,1800,700,200
372.0,14.1,223100,3140877.0,14.1,14.08,14.07,14.06,14.05,14.04,14.03,14.02,14.01,14.0,14.11,14.12,14.13,14.14,14.15,14.2,14.22,14.23,14.24,14.25,1100,1400,6700,7100,10300,2000,1100,3900,10400,23500,200,3100,6400,17500,9700,4600,100,1800,700,200
373.0,14.1,223100,3140877.0,14.1,14.08,14.07,14.06,14.05,14.04,14.03,14.02,14.01,14.0,14.11,14.12,14.13,14.14,14.15,14.2,14.22,14.23,14.24,14.25,1100,1400,6700,7100,10300,2000,1100,3900,10400,23500,200,3100,6400,17500,9700,4600,100,1800,700,200
374.0,14.1,223300,3143697.0,14.1,14.08,14.07,14.06,14.05,14.04,14.03,14.02,14.01,14.0,14.11,14.12,14.13,14.14,14.15,14.2,14.22,14.23,14.24,14.25,900,1400,6700,7100,10300,2000,1100,3900,10400,23500,200,3100,6400,17500,9700,4600,100,1800,700,200
375.0,14.1,223300,3143697.0,14.1,14.08,14.07,14.06,14.05,14.04,14.03,14.02,14.01,14.0,14.11,14.12,14.13,14.14,14.15,14.2,14.22,14.23,14.24,14.25,900,1400,6700,7100,10300,2000,1100,3900,10400,23500,200,3100,6400,17500,9700,4600,100,1800,700,200
376.0,14.11,223500,3146519.0,14.11,14.1,14.08,14.07,14.06,14.05,14.04,14.03,14.02,14.01,14.12,14.13,14.14,14.15,14.2,14.22,14.23,14.24,14.25,14.26,800,900,1400,6700,7100,10300,2000,1100,3900,10400,3100,6400,17500,9700,4600,100,1800,700,200,6000
377.0,14.12,223800,3150755.0,14.11,14.1,14.08,14.07,14.06,14.05,14.04,14.03,14.02,14.01,14.12,14.13,14.14,14.15,14.2,14.22,14.23,14.24,14.25,14.26,800,900,1400,6700,7100,10300,2000,1100,3900,10400,2800,6400,17500,9700,4600,100,1800,700,200,6000
378.0,14.11,224600,3162043.0,14.1,14.08,14.07,14.06,14.05,14.04,14.03,14.02,14.01,14.0,14.11,14.12,14.13,14.14,14.15,14.2,14.22,14.23,14.24,14.25,900,1400,6700,7100,10300,100,1100,3900,10400,23500,1200,2800,6400,17500,9700,4600,100,1800,700,200
379.0,14.1,225500,3174733.0,14.08,14.07,14.06,14.05,14.04,14.03,14.02,14.01,14.0,13.99,14.1,14.11,14.12,14.13,14.14,14.15,14.2,14.22,14.23,14.24,1400,6700,7100,10300,100,1100,3900,10400,23500,600,100,1200,2800,6400,17500,9700,4600,100,1800,700
380.0,14.08,225700,3177549.0,14.08,14.07,14.06,14.05,14.04,14.03,14.02,14.01,14.0,13.99,14.1,14.11,14.12,14.13,14.14,14.15,14.2,14.22,14.23,14.24,1200,6700,7100,10300,100,1100,3900,10400,23500,600,200,2000,2800,6400,17500,9700,4600,100,1800,700
381.0,14.1,226200,3184595.0,14.1,14.08,14.07,14.06,14.05,14.04,14.03,14.02,14.01,14.0,14.11,14.12,14.13,14.14,14.15,14.2,14.22,14.23,14.24,14.25,2200,1000,6700,7100,10300,100,1100,3900,10400,23500,2000,2800,6400,17500,9700,4600,100,1800,700,200
382.0,14.1,226200,3184595.0,14.1,14.08,14.07,14.06,14.05,14.04,14.03,14.02,14.01,14.0,14.11,14.12,14.13,14.14,14.15,14.2,14.22,14.23,14.24,14.25,2200,1000,6700,7100,10300,100,1100,3900,10400,23500,2000,2800,6400,17500,9700,4600,100,1800,700,200
383.0,14.1,226900,3194465.0,14.1,14.08,14.07,14.06,14.05,14.04,14.03,14.02,14.01,14.0,14.11,14.12,14.13,14.14,14.15,14.2,14.22,14.23,14.24,14.25,1500,2100,6700,7100,10300,100,1100,3900,10400,23500,2000,2800,6400,17500,9700,4600,100,1800,700,1300
384.0,14.11,227200,3198697.0,14.1,14.08,14.07,14.06,14.05,14.04,14.03,14.02,14.01,14.0,14.11,14.12,14.13,14.14,14.15,14.2,14.22,14.23,14.24,14.25,2400,2100,6700,7100,10300,100,1100,3900,10400,23500,1800,2800,6400,17500,9700,4600,100,1800,700,1300
385.0,14.11,227200,3198697.0,14.1,14.08,14.07,14.06,14.05,14.04,14.03,14.02,14.01,14.0,14.11,14.12,14.13,14.14,14.15,14.2,14.22,14.23,14.24,14.25,2400,2100,6700,7100,10300,100,1100,3900,10400,23500,1800,2800,6400,17500,9700,4600,100,1800,700,1300
386.0,14.1,229600,3232537.0,14.09,14.08,14.07,14.06,14.05,14.04,14.03,14.02,14.01,14.0,14.1,14.11,14.12,14.13,14.14,14.15,14.2,14.22,14.23,14.24,200,1100,6700,7100,10300,100,1100,3900,10400,23500,1400,10600,2800,6400,17500,9700,4600,100,1800,700
387.0,14.1,229600,3232537.0,14.09,14.08,14.07,14.06,14.05,14.04,14.03,14.02,14.01,14.0,14.1,14.11,14.12,14.13,14.14,14.15,14.2,14.22,14.23,14.24,200,1100,6700,7100,10300,100,1100,3900,10400,23500,1400,10600,2800,6400,17500,9700,4600,100,1800,700
388.0,14.1,229600,3232537.0,14.09,14.08,14.07,14.06,14.05,14.04,14.03,14.02,14.01,14.0,14.1,14.11,14.12,14.13,14.14,14.15,14.2,14.22,14.23,14.24,200,1100,6700,7100,10300,100,1100,3900,10400,23500,1400,10600,2800,6400,17500,9700,4600,100,1800,700
389.0,14.1,229600,3232537.0,14.09,14.08,14.07,14.06,14.05,14.04,14.03,14.02,14.01,14.0,14.1,14.11,14.12,14.13,14.14,14.15,14.2,14.22,14.23,14.24,1300,1100,6700,7100,10300,100,1100,3900,10400,23500,1400,10600,2800,6400,17500,9700,4600,100,1800,700
390.0,14.1,229600,3232537.0,14.09,14.08,14.07,14.06,14.05,14.04,14.03,14.02,14.01,14.0,14.1,14.11,14.12,14.13,14.14,14.15,14.2,14.22,14.23,14.24,1300,1100,6700,7100,10300,100,1100,3900,10400,23500,1400,10600,2800,6400,17500,9700,4600,100,1800,700
391.0,14.09,229700,3233946.0,14.09,14.08,14.07,14.06,14.05,14.04,14.03,14.02,14.01,14.0,14.1,14.11,14.12,14.13,14.14,14.15,14.2,14.22,14.23,14.24,1200,1100,6700,7100,10300,100,1100,3900,10400,23500,1400,10600,2800,6400,17500,9700,4600,100,1800,700
392.0,14.09,230300,3242403.0,14.09,14.08,14.07,14.06,14.05,14.04,14.03,14.02,14.01,14.0,14.1,14.11,14.12,14.13,14.14,14.15,14.2,14.22,14.23,14.24,900,1100,6700,7100,10300,100,1100,3900,10400,23500,1100,10600,2800,6400,17500,9700,4600,100,1800,700
393.0,14.09,230300,3242403.0,14.09,14.08,14.07,14.06,14.05,14.04,14.03,14.02,14.01,14.0,14.1,14.11,14.12,14.13,14.14,14.15,14.2,14.22,14.23,14.24,900,1100,6700,7100,9800,100,1100,3900,10400,23500,1100,10600,2800,6400,17500,9700,4600,100,1800,700
394.0,14.09,230300,3242403.0,14.09,14.08,14.07,14.06,14.05,14.04,14.03,14.02,14.01,14.0,14.1,14.11,14.12,14.13,14.14,14.15,14.2,14.22,14.23,14.24,900,1100,6700,7100,9800,100,1100,3900,10400,23500,1100,10600,2800,6400,17500,9700,4600,100,1800,700
395.0,14.09,234200,3297354.0,14.08,14.07,14.06,14.05,14.04,14.03,14.02,14.01,14.0,13.99,14.09,14.1,14.11,14.12,14.13,14.14,14.15,14.2,14.22,14.23,1100,6700,7100,9800,100,1100,3900,10400,23500,600,500,1100,10700,2800,6400,17500,9700,4600,100,1800
396.0,14.09,234200,3297354.0,14.08,14.07,14.06,14.05,14.04,14.03,14.02,14.01,14.0,13.99,14.09,14.1,14.11,14.12,14.13,14.14,14.15,14.2,14.22,14.23,1100,6700,7100,9800,100,1100,3900,10500,23500,600,500,1100,10700,2800,6400,17500,9700,4600,100,1800
397.0,14.09,234400,3300171.0,14.08,14.07,14.06,14.05,14.04,14.03,14.02,14.01,14.0,13.99,14.09,14.1,14.11,14.12,14.13,14.14,14.15,14.2,14.22,14.23,1000,6700,7100,9800,100,1100,3900,10500,23500,600,400,1100,10700,2800,6400,17500,9700,4600,100,1800
398.0,14.08,234500,3301579.0,14.08,14.07,14.06,14.05,14.04,14.03,14.02,14.01,14.0,13.99,14.09,14.1,14.11,14.12,14.13,14.14,14.15,14.2,14.22,14.23,900,6700,7100,9800,100,1100,3900,10500,23500,600,400,1100,10700,2800,6400,17500,9700,4600,100,1800
399.0,14.08,234500,3301579.0,14.08,14.07,14.06,14.05,14.04,14.03,14.02,14.01,14.0,13.99,14.09,14.1,14.11,14.12,14.13,14.14,14.15,14.2,14.22,14.23,900,6700,7100,9800,100,1100,3900,10500,23500,600,400,1100,10700,2800,6400,17500,9700,4600,100,1800
400.0,14.08,234800,3305803.0,14.08,14.07,14.06,14.05,14.04,14.03,14.02,14.01,14.0,13.99,14.09,14.1,14.11,14.12,14.13,14.14,14.15,14.2,14.22,14.23,600,6700,7100,9800,100,1100,3900,10500,23500,600,400,1100,10800,2600,6400,17500,9700,4600,100,1800
401.0,14.08,234800,3305803.0,14.08,14.07,14.06,14.05,14.04,14.03,14.02,14.01,14.0,13.99,14.09,14.1,14.11,14.12,14.13,14.14,14.15,14.2,14.22,14.23,2000,6700,7100,9800,100,1100,3900,10500,23500,600,400,1100,10900,2600,6400,17500,9700,4600,100,1800
402.0,14.08,234800,3305803.0,14.08,14.07,14.06,14.05,14.04,14.03,14.02,14.01,14.0,13.99,14.09,14.1,14.11,14.12,14.13,14.14,14.15,14.2,14.22,14.23,2000,6700,7100,9800,100,1100,3900,10500,23500,600,800,1100,10900,2600,6400,17500,9700,4600,100,1800
403.0,14.08,235200,3311435.0,14.08,14.07,14.06,14.05,14.04,14.03,14.02,14.01,14.0,13.99,14.09,14.1,14.11,14.12,14.13,14.14,14.15,14.2,14.22,14.23,1600,6700,7100,9800,100,1100,3900,10500,23500,600,800,1100,10900,2600,6400,17500,9700,4600,100,1800
404.0,14.08,235300,3312843.0,14.08,14.07,14.06,14.05,14.04,14.03,14.02,14.01,14.0,13.99,14.09,14.1,14.11,14.12,14.13,14.14,14.15,14.2,14.22,14.23,1500,6700,7100,9800,100,1100,3900,10500,23500,600,1300,2100,11000,2500,6400,17500,9700,4600,100,1800
405.0,14.09,235400,3314252.0,14.08,14.07,14.06,14.05,14.04,14.03,14.02,14.01,14.0,13.99,14.09,14.1,14.11,14.12,14.13,14.14,14.15,14.2,14.22,14.23,1500,6700,7100,9800,100,1100,3900,10500,23500,600,1200,2100,11000,2500,6400,17500,9700,4600,100,1800
406.0,14.09,235400,3314252.0,14.08,14.07,14.06,14.05,14.04,14.03,14.02,14.01,14.0,13.99,14.09,14.1,14.11,14.12,14.13,14.14,14.15,14.2,14.22,14.23,1500,6700,7100,9800,100,1100,3900,10500,23500,600,1300,2100,11000,2500,6400,17500,9700,4600,100,1800
407.0,14.09,235600,3317069.0,14.08,14.07,14.06,14.05,14.04,14.03,14.02,14.01,14.0,13.99,14.09,14.1,14.11,14.12,14.13,14.14,14.15,14.2,14.22,14.23,1400,6700,6100,9800,100,1100,3900,10500,23500,600,1200,2100,11100,2500,6400,17500,9700,4600,100,1800
408.0,14.09,235600,3317069.0,14.08,14.07,14.06,14.05,14.04,14.03,14.02,14.01,14.0,13.99,14.09,14.1,14.11,14.12,14.13,14.14,14.15,14.2,14.22,14.23,1400,6700,6100,9800,100,1100,3900,10500,23500,600,1200,2100,11100,2500,6400,17500,9700,4600,100,1800
409.0,14.09,236000,3322705.0,14.08,14.07,14.06,14.05,14.04,14.03,14.02,14.01,14.0,13.99,14.09,14.1,14.11,14.12,14.13,14.14,14.15,14.2,14.22,14.23,2400,6700,6100,9800,100,1100,3900,10500,23500,600,800,2100,11100,2500,6400,17500,9700,4600,100,1800
