LocalTime,LastPrice,TradeVolume,TradeValue,BidPrice1,BidPrice2,BidPrice3,BidPrice4,BidPrice5,BidPrice6,BidPrice7,BidPrice8,BidPrice9,BidPriceA,AskPrice1,AskPrice2,AskPrice3,AskPrice4,AskPrice5,AskPrice6,AskPrice7,AskPrice8,AskPrice9,AskPriceA,BidVolume1,BidVolume2,BidVolume3,BidVolume4,BidVolume5,BidVolume6,BidVolume7,BidVolume8,BidVolume9,BidVolumeA,AskVolume1,AskVolume2,AskVolume3,AskVolume4,AskVolume5,AskVolume6,AskVolume7,AskVolume8,AskVolume9,AskVolumeA
0.0,280.45,1200,336540.0,280.1,280.0,279.1,279.0,278.22,278.15,278.01,278.0,277.6,277.2,280.45,281.2,281.3,281.6,281.7,281.77,281.78,281.8,281.85,281.9,200,100,200,100,200,100,100,200,200,100,300,100,100,100,100,2800,100,100,100,200
1.0,280.45,1500,420675.0,280.45,280.1,280.0,279.1,279.0,278.22,278.15,278.01,278.0,277.6,281.2,281.3,281.6,281.7,281.77,281.78,281.8,281.9,281.91,281.95,400,200,100,200,200,200,100,100,200,200,100,100,100,100,2800,100,100,200,100,200
2.0,281.2,1800,504885.0,280.45,280.1,279.1,279.01,279.0,278.22,278.15,278.01,278.0,277.6,281.3,281.6,281.7,281.78,281.8,281.88,281.9,281.91,282.0,282.41,200,200,200,100,600,200,100,100,500,200,100,100,100,100,100,100,200,100,900,100
3.0,280.45,1900,532930.0,280.45,280.1,279.1,279.03,279.01,279.0,278.22,278.15,278.07,278.01,281.2,281.3,281.6,281.7,281.8,281.88,281.9,281.91,282.0,282.41,100,200,200,100,100,600,200,100,100,100,100,100,100,100,100,100,200,100,900,100
4.0,280.45,1900,532930.0,280.45,280.1,279.1,279.03,279.01,279.0,278.22,278.15,278.08,278.07,281.19,281.2,281.3,281.6,281.7,281.8,281.88,281.9,281.91,282.0,100,600,200,100,100,600,200,100,200,100,200,100,100,100,100,100,100,100,100,900
5.0,280.45,2400,673050.0,280.45,280.1,280.0,279.1,279.03,279.01,279.0,278.22,278.15,278.08,281.19,281.2,281.3,281.6,281.7,281.8,281.88,281.91,282.0,282.41,100,300,100,200,100,100,600,200,100,200,200,100,100,100,100,100,100,100,900,100
6.0,280.45,2800,785195.0,280.45,280.1,280.0,279.1,279.03,279.01,279.0,278.22,278.15,278.1,281.19,281.2,281.3,281.6,281.7,281.8,281.88,281.91,282.0,282.41,100,300,100,200,100,100,600,200,100,100,400,200,100,100,100,100,100,100,400,100
7.0,280.45,3000,841359.0,280.45,280.11,280.1,280.0,279.1,279.03,279.01,279.0,278.22,278.15,280.61,281.19,281.2,281.3,281.5,281.6,281.7,281.8,281.88,281.91,100,100,300,100,200,100,100,600,200,100,100,400,300,100,200,100,100,100,100,100
8.0,280.61,3200,897465.0,280.46,280.45,280.11,280.1,280.0,279.11,279.1,279.03,279.01,279.0,281.0,281.19,281.2,281.3,281.5,281.6,281.7,281.8,281.88,281.91,100,100,100,300,100,100,200,100,100,600,100,400,300,100,200,100,100,100,100,100
9.0,281.3,4300,1206769.0,281.31,281.25,280.46,280.45,280.11,280.1,280.0,279.11,279.1,279.03,281.5,281.6,281.7,281.8,281.88,281.91,282.0,282.41,282.5,282.98,100,100,100,200,100,300,100,100,200,100,200,100,100,100,100,100,500,100,200,100
10.0,280.46,5200,1459396.0,280.46,280.11,280.1,280.0,279.11,279.1,279.03,279.01,279.0,278.22,281.5,281.6,281.8,281.88,281.91,282.0,282.41,282.5,282.98,282.99,100,100,100,100,100,200,100,100,600,200,200,100,100,100,100,500,100,200,100,300
11.0,280.46,5700,1599782.0,280.11,280.0,279.11,279.1,279.03,279.01,279.0,278.22,278.15,278.1,280.44,281.47,281.49,281.5,281.6,281.88,281.91,282.0,282.41,282.5,100,100,100,200,100,100,600,200,100,200,600,100,200,200,100,100,100,500,100,200
12.0,280.44,6300,1768034.0,280.12,280.11,280.0,279.11,279.1,279.03,279.01,279.0,278.22,278.15,280.44,280.91,281.0,281.05,281.31,281.47,281.49,281.5,281.6,281.88,100,100,100,100,200,100,100,600,200,100,500,100,100,100,100,100,200,200,100,100
13.0,280.11,6700,1880176.0,280.0,279.11,279.1,279.03,279.01,279.0,278.22,278.15,278.1,278.08,280.31,280.43,280.44,280.91,281.0,281.05,281.31,281.46,281.47,281.49,100,100,200,100,100,600,200,100,200,200,100,100,300,100,100,100,100,100,100,100
14.0,280.29,6900,1936236.0,280.0,279.11,279.1,279.03,279.01,279.0,278.22,278.15,278.1,278.08,280.43,280.44,280.91,281.0,281.05,281.46,281.49,281.5,281.6,281.88,100,100,200,100,100,600,200,100,200,200,100,300,100,100,100,100,100,200,100,100
15.0,280.42,7100,1992284.0,280.12,280.0,279.11,279.1,279.03,279.01,279.0,278.22,278.15,278.1,280.42,280.43,281.0,281.05,281.46,281.49,281.5,281.6,281.88,281.91,100,100,100,200,100,100,600,200,100,200,100,100,100,100,100,100,200,100,100,100
16.0,280.42,7100,1992284.0,280.12,280.0,279.11,279.1,279.03,279.01,279.0,278.22,278.15,278.1,280.41,280.42,280.43,281.0,281.05,281.46,281.49,281.5,281.6,281.88,100,100,100,200,100,100,500,200,100,200,300,100,100,100,100,100,100,200,100,100
17.0,280.42,7100,1992284.0,280.12,280.0,279.11,279.1,279.03,279.01,279.0,278.22,278.15,278.1,280.41,280.42,280.43,281.0,281.05,281.46,281.49,281.5,281.6,281.88,100,100,100,200,100,100,500,200,100,200,200,100,100,100,100,100,100,200,100,100
18.0,280.0,7300,2048296.0,279.12,279.11,279.1,279.03,279.01,279.0,278.22,278.15,278.1,278.08,279.99,280.0,280.07,280.41,280.42,280.43,281.46,281.49,281.5,281.6,100,200,200,100,100,500,200,100,200,200,100,100,200,100,100,100,100,100,200,100
19.0,280.0,7300,2048296.0,279.12,279.11,279.1,279.03,279.01,279.0,278.22,278.15,278.1,278.08,279.97,279.98,279.99,280.0,280.07,280.41,280.42,280.43,281.46,281.49,100,200,200,100,100,500,200,100,200,200,100,100,100,100,200,100,100,100,100,100
20.0,279.97,7400,2076293.0,279.12,279.11,279.1,279.03,279.01,279.0,278.22,278.15,278.1,278.08,279.98,279.99,280.0,280.07,280.41,280.42,280.43,281.46,281.49,281.5,100,200,200,100,100,500,200,100,200,200,200,100,100,200,100,100,100,100,100,200
21.0,279.97,7400,2076293.0,279.12,279.11,279.1,279.03,279.01,279.0,278.22,278.15,278.1,278.08,279.98,279.99,280.0,280.07,280.41,280.42,280.43,281.46,281.49,281.5,100,200,200,100,100,500,200,100,200,200,200,100,100,200,100,100,100,100,100,200
22.0,279.97,7400,2076293.0,279.12,279.11,279.1,279.03,279.01,279.0,278.22,278.15,278.1,278.08,279.98,279.99,280.0,280.07,280.41,280.42,280.43,281.46,281.49,281.5,100,200,200,100,100,500,200,100,200,200,200,100,100,200,100,100,100,100,100,200
23.0,279.98,7500,2104291.0,279.12,279.11,279.1,279.03,279.01,279.0,278.22,278.15,278.1,278.08,279.98,279.99,280.0,280.07,280.41,280.42,280.43,281.46,281.49,281.5,200,200,200,100,100,500,200,100,200,200,100,100,100,200,100,100,100,100,100,200
24.0,279.98,7600,2132289.0,279.13,279.12,279.11,279.1,279.03,279.01,279.0,278.22,278.15,278.1,279.99,280.0,280.07,280.41,280.42,280.43,281.46,281.49,281.5,281.6,100,300,200,200,100,100,500,200,100,200,100,100,200,100,100,100,100,100,200,100
25.0,279.98,7600,2132289.0,279.13,279.12,279.11,279.1,279.03,279.01,279.0,278.22,278.15,278.1,279.99,280.0,280.07,280.41,280.42,280.43,281.46,281.49,281.5,281.6,100,300,200,200,100,100,500,200,100,200,100,100,200,100,100,100,100,100,200,100
26.0,279.98,7600,2132289.0,279.14,279.13,279.12,279.11,279.1,279.03,279.01,279.0,278.22,278.15,279.99,280.0,280.07,280.41,280.42,280.43,281.46,281.49,281.5,281.6,200,100,300,200,200,100,100,500,200,100,100,100,200,100,100,100,100,100,200,100
27.0,279.98,7600,2132289.0,279.14,279.13,279.12,279.11,279.1,279.03,279.01,279.0,278.22,278.15,279.98,279.99,280.0,280.07,280.11,280.41,280.42,280.43,281.46,281.49,200,300,300,200,200,100,100,500,200,100,100,100,100,200,100,100,100,100,100,100
28.0,279.98,7600,2132289.0,279.14,279.13,279.12,279.11,279.1,279.03,279.01,279.0,278.22,278.15,279.98,279.99,280.0,280.07,280.11,280.41,280.42,280.43,281.46,281.49,200,300,300,200,200,100,100,500,200,100,100,100,100,200,100,100,100,100,100,100
29.0,279.97,7700,2160286.0,279.14,279.13,279.12,279.11,279.1,279.03,279.01,279.0,278.22,278.15,279.98,279.99,280.0,280.07,280.11,280.41,280.42,280.43,281.46,281.5,300,300,300,200,200,100,100,500,200,100,100,100,100,200,100,100,100,100,100,200
30.0,279.99,7900,2216283.0,279.14,279.13,279.12,279.11,279.1,279.03,279.01,279.0,278.22,278.15,280.0,280.07,280.11,280.41,280.42,280.43,281.46,281.5,281.6,281.88,300,300,300,200,200,100,100,500,200,100,100,100,100,100,100,100,100,200,100,100
31.0,279.99,7900,2216283.0,279.35,279.34,279.33,279.15,279.14,279.13,279.12,279.11,279.1,279.03,279.98,280.07,280.11,280.41,280.42,280.43,281.46,281.5,281.6,281.88,100,100,100,100,200,200,300,200,200,100,100,100,100,100,100,100,100,200,100,100
32.0,280.11,8200,2300297.0,280.0,279.99,279.35,279.34,279.33,279.15,279.14,279.13,279.12,279.11,280.41,280.42,280.43,281.46,281.5,281.6,281.88,282.0,282.41,282.5,200,100,100,100,100,100,200,200,300,200,100,100,100,100,200,100,100,800,100,200
33.0,280.0,8300,2328297.0,280.0,279.99,279.35,279.34,279.33,279.14,279.13,279.12,279.11,279.1,280.41,280.42,280.43,281.46,281.5,281.6,281.61,281.88,282.0,282.41,100,100,100,100,100,200,200,300,200,200,100,100,100,100,200,100,1900,100,800,100
34.0,280.0,8300,2328297.0,280.0,279.99,279.35,279.34,279.33,279.15,279.14,279.13,279.12,279.11,280.41,280.42,280.43,281.46,281.5,281.6,281.61,281.88,282.0,282.41,100,100,100,100,100,100,200,200,300,200,100,100,100,100,200,100,1900,100,800,100
35.0,280.0,8300,2328297.0,280.0,279.35,279.34,279.33,279.15,279.14,279.13,279.12,279.11,279.1,280.4,280.41,280.42,280.43,281.46,281.5,281.6,281.61,281.88,282.0,100,100,100,100,100,200,200,300,200,200,200,200,100,100,100,200,100,1900,100,800
36.0,279.34,8600,2412166.0,279.15,279.14,279.13,279.12,279.11,279.1,279.03,279.01,279.0,278.22,279.95,280.39,280.4,280.41,280.42,280.43,281.46,281.5,281.6,281.61,100,200,200,300,200,200,100,100,500,200,100,100,200,200,100,100,100,200,100,1900
37.0,279.34,8600,2412166.0,279.15,279.14,279.13,279.12,279.11,279.1,279.03,279.01,279.0,278.22,279.79,279.8,279.95,280.39,280.4,280.41,280.42,280.43,281.07,281.5,100,200,200,200,200,200,100,100,500,200,200,600,200,100,200,300,100,100,1900,200
38.0,279.34,8600,2412166.0,279.15,279.14,279.13,279.12,279.11,279.1,279.03,279.01,279.0,278.22,279.77,279.78,279.79,279.8,279.95,280.39,280.4,280.41,280.42,280.43,100,200,200,200,200,200,100,100,500,200,200,200,300,600,200,100,200,300,100,100
39.0,279.1,9700,2719201.0,279.03,279.01,279.0,278.22,278.15,278.1,278.08,278.07,278.05,278.01,279.72,279.73,279.74,279.75,279.76,279.77,279.79,279.8,279.95,280.39,100,100,500,200,100,200,200,100,100,100,200,500,100,1000,300,200,300,600,200,100
40.0,278.45,10500,2942350.0,278.47,278.45,278.22,278.15,278.1,278.08,278.07,278.05,278.01,278.0,279.0,279.15,279.72,279.73,279.75,279.79,279.8,279.95,280.39,280.4,200,100,200,100,200,200,100,100,100,700,200,100,200,200,100,300,600,200,100,200
41.0,278.99,10600,2970249.0,278.47,278.45,278.22,278.15,278.1,278.08,278.07,278.05,278.01,278.0,278.84,278.99,279.0,279.03,279.71,279.72,279.73,279.75,279.79,279.8,200,100,200,100,200,200,100,100,100,700,100,100,200,800,1200,200,200,100,300,600
42.0,278.98,10800,3026031.0,278.47,278.22,278.15,278.1,278.08,278.07,278.05,278.01,278.0,277.6,278.98,278.99,279.0,279.03,279.71,279.72,279.73,279.75,279.79,279.8,200,200,100,200,200,100,100,100,700,200,200,100,200,800,900,200,200,100,400,600
43.0,278.98,11000,3081827.0,278.47,278.22,278.15,278.1,278.08,278.07,278.05,278.01,278.0,277.6,278.84,278.99,279.0,279.03,279.71,279.72,279.73,279.75,279.79,279.8,200,200,100,200,200,100,100,100,700,200,100,100,200,800,900,200,200,100,400,600
44.0,278.84,11200,3137595.0,278.84,278.48,278.47,278.22,278.15,278.1,278.08,278.07,278.05,278.01,278.99,279.0,279.03,279.71,279.72,279.73,279.75,279.79,279.8,279.95,300,100,200,200,100,200,200,100,100,100,100,200,700,900,200,200,100,400,600,100
45.0,278.84,11300,3165479.0,278.84,278.48,278.47,278.22,278.15,278.1,278.08,278.07,278.05,278.01,278.99,279.0,279.03,279.71,279.72,279.73,279.79,279.8,279.95,280.39,200,100,200,200,100,200,200,100,100,100,100,200,700,900,200,200,400,600,100,100
46.0,278.84,11500,3221247.0,278.48,278.47,278.22,278.15,278.1,278.08,278.07,278.05,278.01,278.0,278.99,279.0,279.03,279.71,279.72,279.73,279.79,279.8,279.95,280.39,100,200,200,100,200,200,100,100,100,700,100,200,1600,900,200,200,400,600,100,100
47.0,279.0,11800,3304945.0,278.99,278.48,278.47,278.22,278.15,278.1,278.08,278.07,278.05,278.01,279.0,279.03,279.71,279.72,279.73,279.79,279.8,279.95,280.39,280.41,100,100,200,200,100,200,200,100,100,100,100,1500,700,200,200,400,600,100,100,300
48.0,278.99,11900,3332844.0,278.48,278.47,278.22,278.15,278.1,278.08,278.07,278.05,278.01,278.0,279.0,279.03,279.71,279.72,279.73,279.79,279.8,279.95,280.39,280.41,100,200,200,100,200,200,100,100,100,700,100,1500,700,200,200,400,600,100,100,300
49.0,278.99,11900,3332844.0,278.48,278.47,278.22,278.15,278.1,278.08,278.07,278.05,278.01,278.0,279.0,279.03,279.71,279.72,279.73,279.79,279.8,280.39,280.41,280.43,100,200,200,100,200,200,100,100,100,700,100,1500,700,200,200,400,600,100,300,100
50.0,278.47,12100,3388539.0,278.47,278.22,278.15,278.1,278.08,278.07,278.05,278.01,278.0,277.95,278.99,279.0,279.03,279.71,279.72,279.73,279.79,279.8,280.0,280.39,100,200,100,200,200,100,100,100,700,100,100,100,1500,700,200,200,400,600,400,100
51.0,278.47,12200,3416386.0,278.23,278.22,278.15,278.1,278.08,278.07,278.05,278.01,278.0,277.95,278.98,278.99,279.0,279.03,279.71,279.72,279.73,279.79,279.8,280.0,100,200,100,200,200,100,100,100,700,100,200,100,100,1500,700,200,200,400,600,400
52.0,278.47,12200,3416386.0,278.23,278.22,278.15,278.1,278.08,278.07,278.05,278.01,278.0,277.95,278.98,278.99,279.0,279.03,279.71,279.72,279.73,279.79,279.8,280.0,100,200,100,200,200,100,100,100,700,100,200,100,100,1500,700,200,200,400,600,400
53.0,278.8,12300,3444266.0,278.23,278.22,278.15,278.1,278.08,278.07,278.05,278.01,278.0,277.95,278.96,278.97,278.98,278.99,279.0,279.03,279.71,279.72,279.73,279.79,100,200,100,200,200,100,100,100,700,100,200,100,200,100,100,1500,600,200,200,400
54.0,278.8,12300,3444266.0,278.23,278.22,278.15,278.1,278.08,278.07,278.05,278.01,278.0,277.95,278.96,278.97,278.98,278.99,279.0,279.03,279.71,279.72,279.73,279.79,100,200,100,200,200,100,100,100,700,100,200,100,200,100,100,1500,600,200,200,400
55.0,278.96,12400,3472162.0,278.22,278.15,278.1,278.08,278.07,278.05,278.01,278.0,277.95,277.8,278.94,278.95,278.96,278.97,278.98,278.99,279.03,279.71,279.73,279.79,200,100,200,200,100,100,100,700,100,100,200,100,100,100,200,100,600,600,200,400
56.0,278.23,12600,3527808.0,278.23,278.22,278.15,278.1,278.08,278.07,278.05,278.01,278.0,277.95,278.94,278.95,278.96,278.97,278.98,278.99,279.03,279.71,279.73,279.79,700,200,100,200,200,100,100,100,700,100,200,100,100,100,200,100,600,600,200,400
57.0,278.23,12600,3527808.0,278.23,278.22,278.15,278.1,278.08,278.07,278.05,278.01,278.0,277.95,278.94,278.95,278.96,278.97,278.98,278.99,279.03,279.71,279.73,279.79,700,200,100,200,200,100,100,100,700,100,200,100,100,100,200,100,600,600,200,400
58.0,278.23,12700,3555631.0,278.23,278.22,278.15,278.1,278.08,278.07,278.05,278.01,278.0,277.95,278.92,278.93,278.94,278.95,278.96,278.97,278.98,278.99,279.03,279.71,600,200,100,200,200,100,100,100,700,100,200,200,200,100,100,100,200,100,600,600
59.0,278.23,12700,3555631.0,278.23,278.22,278.15,278.1,278.08,278.07,278.05,278.01,278.0,277.95,278.91,278.92,278.93,278.94,278.95,278.96,278.97,278.98,278.99,279.03,600,200,100,200,200,100,100,100,700,100,200,200,200,200,100,100,100,200,100,600
60.0,278.88,12800,3583519.0,278.23,278.22,278.15,278.1,278.08,278.07,278.05,278.01,278.0,277.95,278.88,278.89,278.9,278.91,278.92,278.93,278.94,278.95,278.96,278.97,600,200,100,200,200,100,100,100,700,100,100,100,200,200,200,200,200,100,100,100
61.0,278.88,12800,3583519.0,278.22,278.15,278.1,278.08,278.07,278.05,278.01,278.0,277.95,277.8,278.51,278.81,278.82,278.87,278.88,278.89,278.9,278.91,278.92,278.93,200,100,200,200,100,100,100,700,100,100,100,400,200,200,100,100,200,200,300,200
62.0,278.35,13100,3666998.0,278.25,278.15,278.1,278.08,278.07,278.05,278.01,278.0,277.95,277.8,278.48,278.81,278.82,278.87,278.88,278.89,278.9,278.91,278.92,278.93,100,100,200,200,100,100,100,700,100,200,100,400,200,100,100,100,200,200,300,200
63.0,278.48,13200,3694846.0,278.25,278.15,278.1,278.08,278.07,278.05,278.01,278.0,277.95,277.8,278.73,278.74,278.75,278.76,278.8,278.81,278.87,278.88,278.89,278.9,100,100,200,200,100,100,100,700,100,200,300,100,300,200,300,300,100,100,100,200
64.0,278.48,13200,3694846.0,278.25,278.15,278.1,278.08,278.07,278.06,278.05,278.01,278.0,277.95,278.68,278.73,278.74,278.75,278.8,278.81,278.87,278.88,278.89,278.9,100,100,200,200,100,200,100,100,400,100,100,200,100,300,300,300,100,100,100,200
65.0,278.23,13400,3750494.0,278.15,278.1,278.08,278.07,278.06,278.05,278.01,278.0,277.95,277.8,278.23,278.68,278.72,278.73,278.74,278.75,278.8,278.81,278.87,278.88,100,200,200,100,200,100,100,400,100,200,800,100,100,200,100,300,300,300,100,100
66.0,278.23,13400,3750494.0,278.15,278.1,278.08,278.07,278.06,278.05,278.01,278.0,277.95,277.8,278.2,278.23,278.68,278.72,278.73,278.75,278.8,278.81,278.87,278.88,100,200,200,100,200,100,100,400,100,200,100,800,100,200,200,300,300,300,100,100
67.0,278.23,13600,3806137.0,278.15,278.1,278.08,278.07,278.06,278.05,278.01,278.0,277.95,277.8,278.23,278.68,278.72,278.73,278.75,278.8,278.81,278.87,278.88,278.89,100,200,200,100,200,100,100,400,100,200,700,100,200,200,300,300,300,100,100,100
68.0,278.15,13800,3861767.0,278.1,278.08,278.07,278.06,278.05,278.01,278.0,277.95,277.8,277.6,278.23,278.68,278.72,278.73,278.75,278.8,278.81,278.87,278.88,278.89,200,200,100,200,100,100,400,100,200,200,700,100,200,200,300,300,300,100,100,100
69.0,278.23,13900,3889590.0,278.1,278.08,278.07,278.06,278.05,278.01,278.0,277.95,277.8,277.6,278.23,278.68,278.72,278.73,278.75,278.8,278.81,278.87,278.88,278.89,200,200,100,200,100,100,400,100,200,200,600,100,200,200,300,300,300,100,100,100
70.0,278.23,13900,3889590.0,278.1,278.08,278.07,278.06,278.05,278.01,278.0,277.95,277.8,277.6,278.23,278.68,278.72,278.73,278.75,278.8,278.81,278.87,278.88,278.89,200,200,100,200,100,100,400,100,200,200,600,100,200,200,300,300,300,100,100,100
71.0,278.23,14500,4056528.0,278.23,278.1,278.08,278.07,278.06,278.05,278.01,278.0,277.95,277.8,278.67,278.68,278.72,278.73,278.75,278.8,278.81,278.87,278.88,278.89,100,200,200,100,200,100,100,400,100,200,100,100,200,200,200,300,300,100,100,100
72.0,278.23,14600,4084351.0,278.1,278.08,278.07,278.06,278.05,278.01,278.0,277.95,277.8,277.6,278.66,278.67,278.68,278.72,278.73,278.75,278.8,278.81,278.87,278.88,200,200,100,200,100,100,400,100,200,200,100,300,100,200,200,200,300,300,100,100
73.0,278.1,14700,4112161.0,278.1,278.08,278.07,278.06,278.05,278.01,278.0,277.95,277.8,277.6,278.66,278.67,278.68,278.72,278.8,278.81,278.87,278.89,278.92,278.95,100,200,100,200,100,100,400,100,200,200,100,300,100,200,300,100,100,100,100,100
74.0,278.1,14900,4167836.0,278.08,278.07,278.06,278.05,278.01,278.0,277.95,277.8,277.6,277.2,278.15,278.65,278.66,278.67,278.68,278.72,278.8,278.81,278.87,278.89,200,100,200,100,100,400,100,200,200,100,100,100,100,300,100,200,300,100,100,100
75.0,278.08,15000,4195644.0,278.08,278.07,278.06,278.05,278.01,278.0,277.95,277.8,277.6,277.2,278.15,278.65,278.66,278.67,278.68,278.72,278.8,278.81,278.87,278.89,100,100,200,100,100,400,100,200,200,100,100,100,100,300,100,200,300,100,100,100
76.0,277.6,16500,4612552.0,277.2,277.12,277.11,277.1,277.01,276.01,276.0,275.51,275.26,275.15,277.8,277.95,278.05,278.15,278.65,278.67,278.68,278.72,278.8,278.81,100,100,100,200,600,100,700,100,100,100,800,100,100,100,100,300,100,200,300,100
77.0,277.6,16500,4612552.0,277.2,277.11,277.1,277.01,276.01,276.0,275.51,275.26,275.15,275.01,277.46,277.7,277.95,278.04,278.05,278.15,278.65,278.67,278.68,278.72,100,100,200,600,100,700,100,100,100,100,100,100,100,200,100,100,100,300,100,200
78.0,277.88,17000,4751306.0,277.25,277.2,277.11,277.1,277.01,276.01,276.0,275.51,275.26,275.15,277.88,277.95,277.96,278.04,278.05,278.15,278.65,278.67,278.72,278.81,200,100,100,200,600,100,700,100,100,100,100,100,100,200,100,100,100,300,200,100
79.0,277.88,17100,4779094.0,277.27,277.26,277.25,277.2,277.11,277.1,277.01,276.01,276.0,275.51,277.96,278.04,278.05,278.15,278.65,278.67,278.72,278.81,278.87,278.89,100,100,200,100,100,200,600,100,700,100,100,200,100,100,100,300,200,100,100,100
80.0,277.25,17400,4862270.0,277.25,277.2,277.1,277.01,276.14,276.01,276.0,275.51,275.26,275.15,277.86,277.87,277.96,278.0,278.04,278.05,278.15,278.65,278.67,278.72,100,100,200,600,100,100,700,100,100,100,100,100,100,400,200,100,100,100,300,200
81.0,277.2,17700,4945501.0,277.1,277.01,276.14,276.02,276.01,276.0,275.51,275.26,275.15,275.01,277.87,277.95,277.96,278.0,278.04,278.05,278.15,278.65,278.67,278.72,200,600,100,200,100,700,100,100,100,100,100,100,100,400,200,100,100,100,300,200
82.0,277.2,17700,4945501.0,277.15,277.14,277.13,277.12,277.11,277.1,277.02,277.01,276.14,276.02,277.87,277.95,277.96,278.0,278.04,278.15,278.65,278.67,278.72,278.81,100,100,100,100,100,300,100,600,100,200,100,100,100,400,200,100,100,300,200,100
83.0,277.2,17700,4945501.0,277.35,277.29,277.12,277.11,277.1,277.02,277.01,276.14,276.02,276.01,277.86,277.87,277.95,277.96,278.0,278.04,278.15,278.65,278.67,278.72,200,100,100,100,200,100,600,100,200,100,100,100,100,100,400,200,100,100,300,200
84.0,277.2,17700,4945501.0,277.35,277.29,277.12,277.1,277.02,277.01,276.14,276.02,276.01,276.0,277.86,277.87,277.95,277.96,278.0,278.04,278.15,278.65,278.67,278.72,100,100,100,200,100,600,100,200,100,700,100,100,100,100,400,200,100,100,300,200
85.0,277.2,17700,4945501.0,277.35,277.29,277.12,277.1,277.02,277.01,276.14,276.02,276.01,276.0,277.86,277.87,277.95,277.96,278.0,278.04,278.15,278.65,278.67,278.72,100,100,100,200,100,600,100,200,100,700,100,100,100,100,400,200,100,100,300,200
86.0,277.2,17700,4945501.0,277.35,277.29,277.12,277.1,277.02,277.01,276.14,276.02,276.01,276.0,277.86,277.87,277.95,277.96,278.0,278.04,278.15,278.65,278.67,278.72,100,100,100,200,100,600,100,200,100,700,100,100,100,100,400,200,100,100,300,200
87.0,277.2,17700,4945501.0,277.35,277.29,277.25,277.12,277.1,277.01,276.14,276.02,276.01,276.0,277.86,277.87,277.95,277.96,278.0,278.04,278.15,278.65,278.67,278.72,100,100,400,100,200,600,100,200,100,700,100,100,100,100,400,200,100,100,300,200
88.0,277.25,17800,4973226.0,277.25,277.1,277.01,276.14,276.02,276.01,276.0,275.51,275.26,275.15,277.84,277.85,277.86,277.87,277.95,277.96,278.0,278.04,278.15,278.65,300,200,600,100,200,100,700,100,100,100,100,100,100,100,100,100,400,200,100,100
89.0,277.25,17800,4973226.0,277.25,277.1,277.01,276.14,276.02,276.01,276.0,275.51,275.26,275.15,277.84,277.85,277.86,277.87,277.95,277.96,278.0,278.04,278.15,278.65,300,200,600,100,200,100,700,100,100,100,100,100,100,100,100,100,400,200,100,100
90.0,277.25,17800,4973226.0,277.25,277.1,277.01,276.14,276.13,276.02,276.01,276.0,275.51,275.26,277.84,277.85,277.86,277.87,277.95,277.96,278.0,278.04,278.15,278.65,300,200,600,100,300,200,100,700,100,100,100,100,100,100,100,100,400,200,100,100
91.0,277.25,17900,5000951.0,277.25,277.1,277.01,276.14,276.13,276.02,276.01,276.0,275.51,275.26,277.84,277.85,277.86,277.87,277.95,277.96,278.0,278.04,278.15,278.65,200,200,100,100,300,200,100,700,100,100,100,100,100,100,100,100,400,200,100,100
92.0,277.25,18000,5028676.0,277.25,277.2,277.1,277.01,276.14,276.13,276.02,276.01,276.0,275.51,277.83,277.84,277.85,277.86,277.87,277.95,278.0,278.04,278.15,278.65,100,100,200,100,100,300,200,100,700,100,100,100,100,100,100,100,400,200,100,100
93.0,277.34,18100,5056410.0,277.25,277.2,277.1,277.01,276.14,276.13,276.02,276.01,276.0,275.51,277.83,277.85,277.86,277.87,277.95,278.0,278.04,278.15,278.65,278.67,100,100,200,100,100,300,200,100,700,100,100,100,100,100,100,400,200,100,100,200
94.0,277.34,18100,5056410.0,277.6,277.25,277.2,277.1,277.01,276.14,276.13,276.02,276.01,276.0,277.83,277.86,277.87,277.95,278.0,278.04,278.15,278.65,278.67,278.72,2500,100,100,200,100,100,300,200,100,700,100,100,100,100,400,200,100,100,200,200
95.0,277.34,18100,5056410.0,277.6,277.25,277.2,277.1,277.01,276.14,276.13,276.02,276.01,276.0,277.83,277.86,277.87,277.95,278.0,278.04,278.15,278.65,278.67,278.72,2500,100,100,200,100,100,300,200,100,700,100,100,100,100,400,200,100,100,200,200
96.0,277.6,18400,5139690.0,277.6,277.25,277.2,277.1,277.01,276.14,276.13,276.02,276.01,276.0,277.83,277.86,277.87,277.95,278.0,278.04,278.15,278.65,278.72,278.81,2200,100,100,200,100,100,300,200,100,700,100,100,100,100,400,200,100,100,200,100
97.0,277.6,18400,5139690.0,277.6,277.25,277.2,277.1,277.01,276.14,276.13,276.02,276.01,276.0,277.83,277.86,277.87,277.95,278.0,278.04,278.15,278.65,278.72,278.81,2200,100,100,200,100,100,300,200,100,700,100,100,100,100,400,200,100,100,200,100
98.0,277.6,20700,5778171.0,277.25,277.2,277.1,277.01,276.14,276.13,276.02,276.01,276.0,275.51,277.6,277.79,277.8,277.82,277.83,277.86,277.87,277.95,278.0,278.04,100,100,200,100,100,300,200,100,700,100,900,100,100,400,100,100,100,100,400,200
99.0,277.6,20900,5833691.0,277.25,277.2,277.1,277.01,276.14,276.13,276.02,276.01,276.0,275.51,277.6,277.79,277.8,277.82,277.83,277.86,277.87,277.95,278.0,278.04,100,100,200,100,100,300,200,100,700,100,700,100,100,400,100,100,100,100,400,200
100.0,277.6,21000,5861451.0,277.3,277.25,277.2,277.1,277.01,276.14,276.13,276.02,276.01,276.0,277.6,277.79,277.8,277.82,277.83,277.86,277.87,277.95,278.0,278.04,1000,100,100,200,100,100,300,200,100,700,100,200,100,400,100,100,100,100,400,200
101.0,277.3,21300,5944641.0,277.3,277.26,277.25,277.2,277.17,277.1,277.01,276.14,276.13,276.02,277.59,277.6,277.79,277.8,277.82,277.83,277.86,277.87,277.95,278.0,700,100,100,100,100,200,100,100,300,200,100,100,200,100,400,100,100,100,100,400
102.0,277.3,21500,6000101.0,277.3,277.26,277.25,277.2,277.17,277.1,277.01,277.0,276.14,276.13,277.59,277.6,277.79,277.8,277.82,277.83,277.86,277.87,277.95,278.0,500,100,100,100,100,200,100,100,100,300,100,100,200,100,400,100,100,100,100,400
103.0,277.3,21500,6000101.0,277.3,277.26,277.25,277.2,277.17,277.1,277.01,277.0,276.14,276.13,277.59,277.6,277.79,277.8,277.82,277.83,277.86,277.87,277.95,278.0,500,100,100,100,100,200,100,100,100,300,100,100,200,100,400,100,100,100,100,400
104.0,277.3,21500,6000101.0,277.3,277.26,277.25,277.2,277.17,277.1,277.01,277.0,276.14,276.13,277.58,277.59,277.6,277.79,277.8,277.82,277.83,277.86,277.87,277.95,500,100,100,100,100,200,100,100,100,300,100,100,100,200,100,400,100,100,100,100
105.0,277.3,21600,6027831.0,277.35,277.3,277.26,277.25,277.2,277.17,277.1,277.01,277.0,276.14,277.57,277.58,277.59,277.6,277.79,277.8,277.82,277.83,277.86,277.87,100,400,100,100,100,100,200,100,100,100,100,100,100,100,200,100,400,100,100,100
106.0,277.3,21600,6027831.0,277.35,277.3,277.26,277.25,277.2,277.17,277.1,277.01,277.0,276.14,277.57,277.58,277.59,277.6,277.79,277.8,277.82,277.83,277.86,277.87,100,400,100,100,100,100,200,100,100,100,100,200,100,100,200,100,400,100,100,100
107.0,277.25,22300,6221937.0,277.2,277.17,277.1,277.01,277.0,276.14,276.13,276.02,276.01,276.0,277.35,277.36,277.56,277.58,277.59,277.6,277.79,277.8,277.82,277.86,100,100,200,100,100,100,300,200,400,700,100,100,400,100,100,100,200,100,400,100
108.0,277.1,22700,6332811.0,277.1,277.01,277.0,276.14,276.13,276.02,276.01,276.0,275.51,275.26,277.12,277.34,277.35,277.36,277.56,277.58,277.59,277.6,277.79,277.8,100,100,100,100,300,200,400,700,100,100,200,100,100,100,400,100,100,100,200,100
109.0,277.1,22900,6388233.0,277.01,277.0,276.14,276.13,276.02,276.01,276.0,275.51,275.26,275.15,277.34,277.35,277.36,277.56,277.58,277.59,277.6,277.79,277.8,277.82,100,100,100,300,200,400,700,100,100,100,100,100,100,400,100,100,100,200,100,400
110.0,276.88,23200,6471322.0,276.48,276.47,276.37,276.28,276.19,276.18,276.15,276.14,276.13,276.02,277.1,277.11,277.34,277.35,277.36,277.56,277.58,277.59,277.6,277.79,100,100,100,100,200,200,300,100,300,200,800,100,100,200,100,400,100,100,100,200
111.0,276.88,23200,6471322.0,276.33,276.15,276.14,276.13,276.02,276.01,276.0,275.51,275.26,275.15,276.99,277.0,277.05,277.09,277.1,277.11,277.34,277.35,277.36,277.56,200,100,100,300,200,400,700,100,100,100,100,200,200,100,800,100,100,200,100,400
112.0,276.99,23300,6499021.0,276.58,276.28,276.19,276.15,276.14,276.13,276.02,276.01,276.0,275.51,277.0,277.05,277.09,277.1,277.11,277.34,277.35,277.36,277.56,277.58,200,100,200,100,100,300,200,400,700,100,200,100,100,800,100,100,200,100,400,100
113.0,276.99,23300,6499021.0,276.58,276.28,276.19,276.15,276.14,276.13,276.02,276.01,276.0,275.51,277.0,277.05,277.09,277.1,277.11,277.34,277.35,277.36,277.56,277.58,200,100,200,100,100,300,200,400,700,100,200,100,100,800,100,100,200,100,400,100
114.0,276.99,23500,6554378.0,276.58,276.28,276.19,276.15,276.14,276.13,276.02,276.01,276.0,275.51,276.99,277.0,277.05,277.09,277.1,277.11,277.34,277.35,277.36,277.56,100,100,100,100,100,300,200,900,700,100,100,200,100,100,700,100,100,100,100,400
115.0,276.99,23500,6554378.0,276.58,276.28,276.19,276.15,276.14,276.13,276.02,276.01,276.0,275.51,276.99,277.0,277.05,277.09,277.1,277.11,277.34,277.35,277.36,277.56,100,100,100,100,100,300,200,900,700,100,100,200,100,100,700,100,100,100,100,400
116.0,276.28,23700,6609664.0,276.39,276.35,276.34,276.29,276.28,276.2,276.15,276.14,276.13,276.02,276.99,277.0,277.05,277.09,277.1,277.11,277.34,277.35,277.36,277.56,200,300,100,100,300,100,100,100,300,200,100,200,100,100,600,100,100,100,100,400
117.0,276.39,23800,6637303.0,276.39,276.35,276.34,276.28,276.2,276.15,276.14,276.13,276.02,276.01,276.99,277.0,277.05,277.09,277.1,277.11,277.34,277.35,277.36,277.56,100,100,100,100,100,100,100,300,200,900,100,200,100,100,600,100,100,100,100,400
118.0,276.39,23800,6637303.0,276.39,276.35,276.34,276.28,276.15,276.14,276.13,276.02,276.01,276.0,276.99,277.0,277.05,277.09,277.1,277.11,277.34,277.35,277.36,277.56,100,100,100,100,100,100,300,200,900,700,100,200,100,100,600,100,100,100,100,400
119.0,276.54,24000,6692656.0,276.54,276.45,276.35,276.34,276.28,276.15,276.14,276.13,276.08,276.02,276.98,277.0,277.05,277.09,277.1,277.11,277.34,277.35,277.36,277.56,100,100,100,100,100,100,100,300,100,200,100,200,100,100,600,100,100,100,100,400
120.0,277.0,24200,6748054.0,276.54,276.45,276.35,276.34,276.28,276.15,276.14,276.13,276.08,276.02,277.0,277.05,277.09,277.1,277.11,277.34,277.35,277.36,277.56,277.58,100,100,100,100,100,100,100,300,100,200,100,100,100,600,100,100,100,100,400,100
121.0,277.0,24200,6748054.0,276.54,276.45,276.35,276.34,276.28,276.15,276.14,276.13,276.08,276.02,277.0,277.05,277.09,277.1,277.11,277.34,277.35,277.36,277.56,277.58,100,100,100,100,100,100,100,300,100,200,100,100,100,600,100,100,100,100,400,100
122.0,277.05,24400,6803459.0,276.99,276.45,276.35,276.34,276.28,276.15,276.14,276.13,276.08,276.02,277.09,277.1,277.11,277.34,277.35,277.36,277.56,277.58,277.59,277.6,400,100,100,100,100,100,100,300,100,200,100,300,100,100,100,100,400,100,100,300
123.0,277.05,24900,6942003.0,277.05,276.99,276.45,276.35,276.34,276.28,276.15,276.14,276.13,276.08,277.11,277.35,277.36,277.56,277.58,277.59,277.6,277.8,277.82,277.86,100,500,100,100,100,100,100,100,300,100,100,100,100,400,100,100,300,100,400,100
124.0,277.05,24900,6942003.0,277.05,276.99,276.45,276.35,276.34,276.28,276.15,276.14,276.13,276.08,277.11,277.36,277.56,277.58,277.59,277.6,277.8,277.82,277.86,277.87,200,500,100,100,100,100,100,100,300,100,100,100,400,100,100,300,100,400,100,100
125.0,277.06,25200,7025131.0,277.11,277.05,276.99,276.45,276.35,276.34,276.28,276.15,276.14,276.13,277.36,277.56,277.58,277.59,277.6,277.8,277.82,277.86,277.87,277.95,100,200,500,100,100,100,100,100,100,300,100,400,100,100,300,100,400,100,100,100
126.0,277.06,25200,7025131.0,277.12,277.11,277.05,276.99,276.45,276.35,276.34,276.28,276.15,276.14,277.36,277.56,277.58,277.59,277.6,277.8,277.82,277.86,277.87,277.95,100,100,200,500,100,100,100,100,100,100,100,400,100,100,300,100,400,100,100,100
127.0,277.06,25200,7025131.0,277.12,277.11,277.05,276.99,276.45,276.35,276.34,276.28,276.15,276.14,277.36,277.56,277.58,277.59,277.6,277.8,277.82,277.86,277.87,277.95,100,100,200,500,100,100,100,100,100,100,100,400,100,100,300,100,400,100,100,100
128.0,277.06,25200,7025131.0,277.12,277.11,277.05,277.0,276.99,276.8,276.45,276.35,276.34,276.28,277.36,277.56,277.58,277.59,277.6,277.8,277.82,277.86,277.87,277.95,100,100,200,100,500,700,100,100,100,100,100,400,100,100,300,100,400,100,100,100
129.0,277.12,25300,7052843.0,277.11,277.05,277.0,276.99,276.8,276.45,276.35,276.34,276.28,276.15,277.36,277.56,277.58,277.59,277.6,277.8,277.82,277.86,277.87,277.95,100,200,100,500,700,100,100,100,100,100,100,400,100,100,300,100,400,100,100,100
130.0,277.12,25300,7052843.0,277.11,277.05,277.0,276.99,276.8,276.45,276.35,276.34,276.28,276.15,277.36,277.56,277.58,277.59,277.6,277.8,277.82,277.86,277.87,277.95,100,200,100,500,700,100,100,100,100,100,100,400,100,100,300,100,400,100,100,100
131.0,277.12,25500,7108267.0,277.24,277.11,277.05,277.0,276.99,276.8,276.45,276.35,276.34,276.28,277.35,277.36,277.56,277.58,277.59,277.6,277.8,277.82,277.86,277.87,100,200,200,100,500,700,100,100,100,100,100,100,400,100,100,300,100,400,100,100
132.0,277.12,25500,7108267.0,277.24,277.11,277.05,277.0,276.99,276.8,276.45,276.35,276.34,276.33,277.35,277.36,277.56,277.58,277.59,277.6,277.8,277.82,277.86,277.87,100,200,200,100,500,700,100,100,100,100,100,100,400,100,100,300,100,400,100,100
133.0,277.12,25500,7108267.0,277.24,277.11,277.05,277.0,276.99,276.8,276.45,276.35,276.34,276.33,277.35,277.36,277.56,277.58,277.59,277.6,277.8,277.82,277.86,277.87,100,200,200,100,500,700,100,100,100,100,100,100,400,100,100,300,100,400,100,100
134.0,277.12,25500,7108267.0,277.24,277.11,277.05,277.0,276.99,276.8,276.45,276.35,276.34,276.33,277.35,277.36,277.56,277.58,277.59,277.6,277.8,277.82,277.86,277.87,100,200,200,100,500,700,100,100,100,100,100,300,400,100,100,300,100,400,100,100
135.0,277.35,25600,7136002.0,277.24,277.11,277.05,277.0,276.99,276.8,276.45,276.35,276.34,276.33,277.36,277.56,277.59,277.6,277.8,277.82,277.86,277.87,277.95,278.0,100,200,200,100,500,700,100,100,100,100,300,400,100,300,100,400,100,100,100,400
136.0,277.35,25600,7136002.0,277.24,277.11,277.05,277.0,276.99,276.8,276.45,276.35,276.34,276.33,277.36,277.56,277.59,277.6,277.8,277.82,277.86,277.87,277.95,278.0,100,200,200,100,500,700,100,100,100,100,300,400,100,200,100,400,100,100,100,400
137.0,277.35,25600,7136002.0,277.24,277.11,277.05,277.0,276.99,276.8,276.45,276.35,276.34,276.33,277.36,277.56,277.59,277.6,277.8,277.82,277.86,277.87,277.95,278.0,100,200,200,100,500,700,100,100,100,100,300,400,100,200,100,400,100,100,100,400
138.0,277.35,25600,7136002.0,277.24,277.12,277.11,277.05,277.0,276.99,276.8,276.45,276.35,276.34,277.36,277.56,277.59,277.6,277.8,277.82,277.86,277.87,277.95,278.0,100,100,100,200,100,500,700,100,100,100,300,400,100,200,100,400,100,100,100,400
139.0,277.35,25600,7136002.0,277.35,277.24,277.12,277.11,277.05,277.0,276.99,276.8,276.45,276.35,277.36,277.56,277.59,277.6,277.8,277.82,277.86,277.87,277.95,278.0,100,100,100,100,200,200,500,700,100,100,300,400,100,200,100,400,100,100,100,400
140.0,277.36,25900,7219210.0,277.36,277.35,277.24,277.12,277.11,277.05,277.0,276.99,276.8,276.45,277.56,277.59,277.6,277.8,277.82,277.86,277.87,277.95,278.0,278.04,100,100,100,100,100,200,200,500,700,100,400,100,200,100,400,100,100,100,400,200
141.0,277.36,25900,7219210.0,277.36,277.35,277.24,277.12,277.11,277.05,277.0,276.99,276.8,276.45,277.56,277.59,277.6,277.8,277.82,277.86,277.87,277.95,278.0,278.04,400,100,100,100,100,200,200,500,700,100,400,100,200,100,400,100,100,100,400,200
142.0,277.36,26000,7246946.0,277.36,277.35,277.24,277.12,277.11,277.05,277.0,276.99,276.8,276.45,277.56,277.59,277.6,277.8,277.82,277.86,277.87,277.95,278.0,278.04,400,100,100,100,100,200,200,500,700,100,400,100,200,100,400,100,100,100,400,200
143.0,277.56,26200,7302458.0,277.36,277.35,277.24,277.12,277.11,277.05,277.0,276.99,276.8,276.45,277.56,277.59,277.6,277.8,277.82,277.86,277.87,277.95,278.0,278.04,400,100,100,100,100,200,200,500,700,100,200,100,200,100,400,100,100,100,400,200
144.0,277.56,26200,7302458.0,277.36,277.35,277.24,277.12,277.11,277.05,277.0,276.99,276.8,276.55,277.56,277.59,277.6,277.8,277.82,277.86,277.87,277.95,278.0,278.04,400,100,100,100,100,200,300,500,700,100,200,100,200,100,400,100,100,100,400,200
145.0,277.56,26200,7302458.0,277.36,277.35,277.24,277.12,277.11,277.05,277.0,276.99,276.8,276.55,277.56,277.59,277.6,277.8,277.82,277.86,277.87,277.95,278.0,278.04,400,100,100,100,100,200,300,500,700,100,200,100,200,100,400,100,100,100,400,200
146.0,277.36,26300,7330194.0,277.36,277.35,277.24,277.12,277.11,277.05,277.0,276.99,276.8,276.55,277.56,277.59,277.6,277.8,277.82,277.86,277.87,277.95,278.0,278.04,300,200,100,100,100,100,300,500,700,100,200,100,200,100,400,100,100,100,400,200
147.0,277.36,26400,7357930.0,277.36,277.35,277.24,277.12,277.11,277.05,277.0,276.99,276.8,276.45,277.56,277.59,277.6,277.8,277.82,277.86,277.87,277.95,278.0,278.04,200,200,100,100,100,100,300,500,700,100,200,100,200,100,400,100,100,100,400,200
148.0,277.36,26400,7357930.0,277.36,277.35,277.24,277.12,277.11,277.05,277.0,276.99,276.8,276.45,277.56,277.59,277.6,277.8,277.82,277.86,277.87,277.95,278.0,278.04,300,200,100,100,100,100,300,500,700,100,200,100,200,100,400,100,100,100,400,200
149.0,277.56,26500,7385686.0,277.36,277.35,277.24,277.12,277.11,277.05,277.0,276.99,276.8,276.45,277.56,277.59,277.6,277.8,277.82,277.86,277.87,277.95,278.0,278.04,300,200,100,100,100,100,300,500,700,100,100,100,200,100,400,100,100,100,400,200
150.0,277.56,26500,7385686.0,277.36,277.35,277.24,277.12,277.11,277.05,277.0,276.99,276.8,276.45,277.56,277.59,277.6,277.8,277.82,277.86,277.87,277.95,278.0,278.04,300,200,100,100,100,100,300,500,700,100,100,100,200,100,400,100,100,100,400,200
151.0,277.56,26500,7385686.0,277.36,277.35,277.24,277.12,277.11,277.05,277.0,276.99,276.8,276.45,277.56,277.59,277.6,277.8,277.82,277.86,277.87,277.95,278.0,278.04,300,200,100,100,100,100,300,500,700,100,100,100,200,100,400,100,100,100,400,200
152.0,277.56,26500,7385686.0,277.36,277.35,277.24,277.12,277.11,277.05,277.0,276.99,276.8,276.45,277.37,277.55,277.56,277.59,277.6,277.8,277.82,277.86,277.87,277.95,400,200,100,100,100,100,300,500,700,100,200,200,100,100,200,100,400,100,100,100
153.0,277.56,26500,7385686.0,277.36,277.35,277.24,277.12,277.11,277.05,277.0,276.99,276.8,276.45,277.37,277.55,277.56,277.59,277.8,277.82,277.86,277.87,277.95,278.0,400,200,100,100,100,100,300,500,700,100,200,200,100,100,100,400,100,100,100,400
154.0,277.56,26500,7385686.0,277.36,277.35,277.24,277.12,277.11,277.05,277.0,276.99,276.8,276.45,277.37,277.55,277.56,277.59,277.8,277.82,277.86,277.87,277.95,278.0,400,200,100,100,100,100,300,500,700,100,200,200,100,100,100,400,100,100,100,400
155.0,277.56,26500,7385686.0,277.36,277.35,277.24,277.12,277.11,277.0,276.99,276.8,276.45,276.35,277.37,277.55,277.56,277.59,277.8,277.82,277.86,277.87,277.95,278.0,300,200,100,100,100,300,500,700,100,100,200,200,100,100,100,400,100,100,100,400
156.0,277.8,27200,7579965.0,277.56,277.36,277.35,277.24,277.12,277.11,277.0,276.99,276.8,276.45,277.82,277.86,277.87,277.95,278.0,278.65,278.72,278.81,278.87,278.89,200,400,200,100,100,100,300,500,700,100,400,100,100,100,400,100,100,100,100,100
157.0,277.8,27200,7579965.0,277.56,277.36,277.35,277.24,277.12,277.11,277.0,276.99,276.8,276.45,277.82,277.86,277.87,277.95,278.0,278.65,278.72,278.81,278.87,278.89,200,500,200,100,100,100,300,500,700,100,400,100,100,100,400,100,100,100,100,100
158.0,277.8,27200,7579965.0,277.56,277.36,277.35,277.24,277.11,277.0,276.99,276.8,276.45,276.35,277.82,277.86,277.87,277.95,278.0,278.65,278.72,278.81,278.87,278.89,300,400,200,100,100,200,500,700,100,100,400,100,100,100,400,100,100,100,100,100
159.0,277.56,27300,7607721.0,277.56,277.37,277.36,277.35,277.24,277.11,277.0,276.99,276.8,276.45,277.81,277.82,277.86,277.87,277.95,278.0,278.65,278.72,278.81,278.87,200,100,600,200,100,100,200,500,700,100,100,400,100,100,100,400,100,100,100,100
160.0,277.56,27300,7607721.0,277.56,277.37,277.36,277.35,277.24,277.11,277.0,276.99,276.8,276.45,277.81,277.82,277.86,277.87,277.95,278.0,278.65,278.72,278.81,278.87,200,100,600,200,100,100,200,500,700,100,100,400,100,100,100,400,100,100,100,100
161.0,277.56,27500,7663233.0,277.37,277.36,277.35,277.24,277.11,277.0,276.99,276.8,276.45,276.35,277.8,277.81,277.82,277.86,277.87,277.95,278.0,278.65,278.72,278.81,100,600,200,100,100,200,500,700,100,100,600,100,400,100,100,100,400,100,100,100
162.0,277.56,27800,7746501.0,277.37,277.36,277.35,277.24,277.11,277.1,277.0,276.99,276.8,276.45,277.56,277.8,277.81,277.82,277.86,277.87,277.95,278.0,278.65,278.72,100,600,200,100,100,100,400,500,700,100,200,700,100,400,100,100,100,400,100,100
163.0,277.56,27800,7746501.0,277.37,277.36,277.35,277.24,277.11,277.1,277.0,276.99,276.8,276.45,277.55,277.56,277.8,277.81,277.82,277.86,277.87,277.95,278.0,278.65,100,600,200,100,100,100,400,500,700,100,100,200,700,100,400,100,100,100,400,100
164.0,277.56,27800,7746501.0,277.37,277.36,277.35,277.24,277.11,277.1,277.0,276.99,276.8,276.45,277.54,277.55,277.56,277.8,277.81,277.82,277.86,277.87,277.95,278.0,100,600,200,100,100,100,400,500,700,100,200,100,200,600,100,400,100,100,100,400
165.0,277.54,27900,7774255.0,277.37,277.36,277.35,277.24,277.11,277.1,277.0,276.99,276.8,276.45,277.54,277.55,277.56,277.8,277.81,277.82,277.86,277.87,277.95,278.0,100,600,200,100,100,100,400,500,700,100,200,100,200,600,100,400,100,100,100,400
166.0,277.54,27900,7774255.0,277.37,277.36,277.35,277.24,277.11,277.1,277.0,276.99,276.8,276.56,277.54,277.55,277.56,277.8,277.81,277.82,277.86,277.87,277.95,278.0,100,600,200,100,100,100,2900,500,700,100,200,100,200,600,100,400,100,100,100,400
167.0,277.54,27900,7774255.0,277.37,277.36,277.35,277.24,277.11,277.1,277.0,276.99,276.8,276.56,277.54,277.55,277.56,277.8,277.81,277.82,277.86,277.87,277.95,278.0,100,600,200,100,100,100,2900,500,700,100,200,100,200,600,100,400,100,100,100,400
168.0,277.54,27900,7774255.0,277.37,277.36,277.35,277.24,277.11,277.1,277.0,276.99,276.8,276.56,277.54,277.56,277.8,277.81,277.82,277.86,277.87,277.95,278.0,278.65,100,600,200,100,100,100,2900,500,700,100,200,200,600,100,400,100,100,100,400,100
169.0,277.54,27900,7774255.0,277.37,277.36,277.35,277.24,277.11,277.1,277.0,276.99,276.8,276.56,277.54,277.56,277.8,277.81,277.82,277.86,277.87,277.95,278.0,278.65,100,600,200,100,100,100,2900,500,700,100,200,200,600,100,400,100,100,100,400,100
170.0,277.54,27900,7774255.0,277.37,277.36,277.35,277.24,277.11,277.1,277.0,276.99,276.8,276.56,277.53,277.54,277.56,277.8,277.81,277.82,277.86,277.87,277.95,278.0,100,500,200,100,100,100,2900,500,700,100,100,300,200,600,100,400,100,100,100,400
171.0,277.37,28100,7829729.0,277.36,277.35,277.24,277.11,277.1,277.0,276.99,276.8,276.56,276.45,277.53,277.54,277.56,277.8,277.81,277.82,277.86,277.87,277.95,278.0,500,200,100,100,100,2900,500,700,100,100,100,200,200,600,100,400,100,100,100,400
172.0,277.36,28200,7857465.0,277.36,277.35,277.24,277.11,277.1,277.0,276.99,276.8,276.56,276.45,277.53,277.54,277.56,277.8,277.81,277.82,277.86,277.87,277.95,278.0,500,200,100,100,2400,2900,500,700,100,100,100,200,200,600,100,400,100,100,100,400
173.0,277.36,28200,7857465.0,277.36,277.35,277.24,277.11,277.1,277.0,276.99,276.8,276.56,276.45,277.53,277.54,277.56,277.81,277.82,277.86,277.87,277.95,278.0,278.65,500,200,100,100,2400,2900,500,700,100,100,100,200,200,100,400,100,100,100,400,100
174.0,277.36,28300,7885201.0,277.36,277.35,277.24,277.11,277.1,277.0,276.99,276.8,276.56,276.45,277.53,277.54,277.56,277.81,277.82,277.86,277.87,277.95,278.0,278.65,400,200,100,100,2400,2900,500,700,100,100,100,200,200,100,400,100,100,100,400,100
175.0,277.36,28300,7885201.0,277.36,277.35,277.24,277.11,277.1,277.0,276.99,276.8,276.56,276.45,277.53,277.54,277.56,277.81,277.82,277.86,277.87,277.95,278.0,278.65,400,200,100,100,2400,2900,500,700,100,100,100,200,200,100,400,100,100,100,400,100
176.0,277.36,28300,7885201.0,277.36,277.35,277.24,277.11,277.1,277.0,276.99,276.8,276.56,276.45,277.53,277.54,277.56,277.81,277.82,277.86,277.87,277.95,278.0,278.65,400,100,100,100,2400,2900,500,700,100,100,100,200,200,100,400,100,100,100,400,100
177.0,277.36,28300,7885201.0,277.36,277.35,277.24,277.11,277.1,277.0,276.99,276.8,276.56,276.45,277.53,277.54,277.56,277.81,277.82,277.86,277.87,277.95,278.0,278.65,400,100,100,100,2400,2900,500,700,100,100,100,200,200,100,400,100,100,100,400,100
178.0,277.36,28300,7885201.0,277.36,277.35,277.24,277.11,277.1,277.0,276.99,276.8,276.56,276.45,277.53,277.54,277.56,277.81,277.82,277.86,277.87,277.95,278.0,278.65,400,100,100,100,2400,2900,500,700,100,100,100,200,200,100,400,100,100,100,400,100
179.0,277.36,28300,7885201.0,277.36,277.35,277.24,277.11,277.1,277.0,276.99,276.8,276.56,276.45,277.53,277.54,277.56,277.81,277.82,277.86,277.87,277.95,278.0,278.65,400,100,100,100,2400,2900,500,700,100,100,100,200,200,100,400,100,100,100,400,100
180.0,277.36,28300,7885201.0,277.36,277.35,277.24,277.11,277.1,277.0,276.99,276.8,276.56,276.45,277.53,277.54,277.56,277.81,277.82,277.86,277.87,277.95,278.0,278.65,400,100,100,100,2400,2900,500,700,100,100,100,200,200,100,400,100,100,100,400,100
181.0,277.36,28300,7885201.0,277.36,277.35,277.24,277.11,277.1,277.0,276.99,276.8,276.56,276.45,277.53,277.54,277.56,277.81,277.82,277.86,277.87,277.95,278.0,278.65,400,100,100,100,2400,2900,500,700,100,100,100,200,200,100,400,100,100,100,400,100
182.0,277.54,28500,7940708.0,277.36,277.35,277.24,277.11,277.1,277.0,276.99,276.8,276.56,276.45,277.54,277.56,277.81,277.82,277.86,277.87,277.95,278.0,278.65,278.72,400,100,100,100,2400,2900,500,700,100,100,100,200,100,400,100,100,100,400,100,100
183.0,277.54,28500,7940708.0,277.36,277.35,277.24,277.11,277.1,277.0,276.99,276.8,276.56,276.45,277.54,277.56,277.81,277.82,277.86,277.87,277.95,277.98,278.0,278.65,400,100,100,100,2400,2900,500,700,100,100,100,200,100,400,100,100,100,100,400,100
184.0,277.36,28700,7996197.0,277.36,277.35,277.24,277.11,277.1,277.0,276.99,276.8,276.56,276.45,277.54,277.81,277.82,277.86,277.87,277.95,277.98,278.0,278.65,278.72,300,100,100,100,2400,2900,500,700,100,100,100,100,400,100,100,100,100,400,100,100
185.0,277.36,28700,7996197.0,277.36,277.35,277.24,277.11,277.1,277.0,276.99,276.8,276.56,276.45,277.54,277.81,277.82,277.86,277.87,277.95,277.98,278.0,278.65,278.72,300,100,100,100,2400,2900,500,700,100,100,100,100,400,100,100,100,100,400,100,100
186.0,277.36,28700,7996197.0,277.36,277.35,277.24,277.11,277.1,277.0,276.99,276.8,276.56,276.45,277.54,277.81,277.82,277.86,277.87,277.95,277.98,278.0,278.65,278.72,300,100,100,100,2400,2900,500,700,100,100,100,100,400,100,100,100,100,400,100,100
187.0,277.36,28700,7996197.0,277.36,277.35,277.24,277.11,277.1,277.0,276.99,276.8,276.56,276.45,277.54,277.81,277.82,277.86,277.87,277.95,277.98,278.0,278.65,278.72,300,100,100,100,2400,2900,500,700,100,100,100,100,400,100,100,100,100,400,100,100
188.0,277.36,29000,8079405.0,277.35,277.24,277.11,277.1,277.0,276.99,276.8,276.56,276.45,276.38,277.36,277.54,277.81,277.82,277.86,277.87,277.95,277.98,278.0,278.65,100,100,100,2400,2900,500,700,100,100,100,500,100,100,400,100,100,100,100,400,100
189.0,277.36,29000,8079405.0,277.35,277.24,277.11,277.1,277.0,276.99,276.8,276.56,276.45,276.38,277.36,277.54,277.81,277.82,277.86,277.87,277.95,277.98,278.0,278.65,100,100,100,2400,2900,500,700,100,100,100,500,100,100,400,100,100,100,100,400,100
190.0,277.35,29100,8107140.0,277.24,277.11,277.1,277.0,276.99,276.8,276.56,276.45,276.38,276.35,277.36,277.54,277.81,277.82,277.86,277.87,277.95,277.98,278.0,278.65,100,100,2400,2900,500,700,100,100,100,100,500,100,100,400,100,100,100,100,400,100
191.0,277.35,29300,8162599.0,277.11,277.1,277.0,276.99,276.8,276.56,276.45,276.38,276.35,276.34,277.35,277.36,277.54,277.81,277.82,277.86,277.87,277.95,277.98,278.0,100,2400,2900,500,700,100,100,100,100,100,300,700,100,100,400,100,100,100,100,400
192.0,277.35,29300,8162599.0,277.11,277.1,277.0,276.99,276.8,276.56,276.45,276.38,276.35,276.34,277.35,277.36,277.54,277.81,277.82,277.86,277.87,277.95,277.98,278.0,100,2400,2900,500,700,100,100,100,100,100,300,700,300,100,400,100,100,100,100,400
193.0,277.35,29300,8162599.0,277.11,277.1,277.0,276.99,276.8,276.56,276.45,276.38,276.35,276.34,277.35,277.36,277.54,277.81,277.82,277.86,277.87,277.95,277.98,278.0,100,2400,2900,500,700,100,100,100,100,100,300,700,300,100,400,100,100,100,100,400
194.0,277.35,29300,8162599.0,277.11,277.1,277.0,276.99,276.8,276.56,276.45,276.38,276.35,276.34,277.35,277.36,277.54,277.81,277.82,277.86,277.87,277.95,277.98,278.0,100,2400,2900,500,700,100,100,100,100,100,300,600,300,100,400,100,100,100,100,400
195.0,277.11,29400,8190310.0,277.1,277.0,276.99,276.8,276.56,276.45,276.38,276.35,276.34,276.33,277.35,277.36,277.54,277.81,277.82,277.86,277.87,277.95,277.98,278.0,2400,2900,500,700,100,100,100,100,100,100,400,600,300,100,400,100,100,100,100,400
196.0,277.11,29400,8190310.0,277.1,277.0,276.99,276.8,276.56,276.45,276.38,276.35,276.34,276.33,277.35,277.36,277.54,277.81,277.82,277.86,277.87,277.95,277.98,278.0,2400,2900,500,700,100,100,100,100,100,100,900,600,300,100,400,100,100,100,100,400
197.0,277.11,29400,8190310.0,277.1,277.0,276.99,276.8,276.56,276.45,276.38,276.35,276.34,276.33,277.35,277.36,277.54,277.81,277.82,277.86,277.87,277.95,277.98,278.0,2400,2900,500,700,100,100,100,100,100,100,900,600,300,100,400,100,100,100,100,400
198.0,277.11,29400,8190310.0,277.1,277.0,276.99,276.8,276.56,276.45,276.38,276.35,276.34,276.33,277.35,277.36,277.54,277.81,277.82,277.86,277.87,277.95,277.98,278.0,2400,2900,500,700,100,100,100,100,100,100,900,600,300,100,400,100,100,100,100,400
199.0,277.11,29400,8190310.0,277.1,277.0,276.99,276.8,276.56,276.45,276.38,276.35,276.34,276.33,277.35,277.36,277.54,277.81,277.82,277.86,277.87,277.95,277.98,278.0,2400,2900,500,700,100,100,100,100,100,100,900,600,300,100,400,100,100,100,100,400
200.0,277.11,29400,8190310.0,277.1,277.0,276.99,276.8,276.56,276.45,276.38,276.35,276.34,276.33,277.35,277.36,277.54,277.81,277.82,277.86,277.87,277.95,277.98,278.0,2400,2900,500,700,100,100,100,100,100,100,900,600,300,100,400,100,100,100,100,400
201.0,277.11,29400,8190310.0,277.1,277.0,276.99,276.8,276.56,276.45,276.38,276.35,276.34,276.33,277.35,277.36,277.54,277.81,277.82,277.86,277.87,277.95,277.98,278.0,2400,2900,500,700,100,100,100,100,100,100,900,600,300,100,400,100,100,100,100,400
202.0,277.1,29600,8245730.0,277.1,277.0,276.99,276.8,276.56,276.45,276.38,276.35,276.34,276.33,277.35,277.36,277.54,277.81,277.82,277.86,277.87,277.95,277.98,278.0,2200,2900,500,700,100,100,100,100,100,100,900,600,300,100,400,100,100,100,100,400
203.0,277.1,29600,8245730.0,277.1,277.0,276.99,276.8,276.56,276.45,276.38,276.35,276.34,276.33,277.35,277.36,277.54,277.81,277.82,277.86,277.87,277.95,277.98,278.0,2200,2900,500,700,100,100,100,100,100,100,900,600,300,100,400,100,100,100,100,400
204.0,277.1,29600,8245730.0,277.1,277.0,276.99,276.8,276.56,276.45,276.38,276.35,276.34,276.33,277.35,277.36,277.54,277.81,277.82,277.86,277.87,277.95,277.98,278.0,2300,2900,500,700,100,100,100,100,100,100,900,600,300,100,400,100,100,100,100,400
205.0,277.1,29800,8301175.0,277.12,277.1,277.0,276.99,276.8,276.56,276.45,276.38,276.35,276.34,277.35,277.36,277.54,277.81,277.82,277.86,277.87,277.95,277.98,278.65,100,2200,2900,500,700,100,100,100,100,100,800,600,300,100,400,100,100,100,100,100
206.0,277.1,30100,8384307.0,277.1,277.0,276.99,276.8,276.56,276.45,276.38,276.35,276.34,276.33,277.35,277.36,277.54,277.81,277.82,277.86,277.87,277.95,277.98,278.65,2000,2900,500,700,100,100,100,100,100,100,800,600,300,100,400,100,100,100,100,100
207.0,277.1,30100,8384307.0,277.1,277.0,276.99,276.8,276.56,276.45,276.38,276.35,276.34,276.33,277.35,277.36,277.54,277.81,277.82,277.86,277.87,277.95,277.98,278.65,2000,3000,500,700,100,100,100,100,100,100,800,600,300,100,400,100,100,100,100,100
208.0,277.1,30100,8384307.0,277.1,277.0,276.99,276.8,276.56,276.45,276.38,276.35,276.34,276.33,277.35,277.36,277.54,277.81,277.82,277.86,277.87,277.95,277.98,278.65,2000,3000,500,700,100,100,100,100,100,100,800,600,300,100,400,100,100,100,100,100
209.0,277.11,30200,8412018.0,277.1,277.0,276.99,276.8,276.56,276.45,276.38,276.35,276.34,276.33,277.34,277.35,277.36,277.54,277.81,277.82,277.86,277.95,277.98,278.65,2000,3000,500,700,100,100,100,100,100,100,100,800,600,300,100,400,100,100,100,100
210.0,277.1,30300,8439728.0,277.1,277.0,276.99,276.8,276.56,276.45,276.38,276.35,276.34,276.33,277.34,277.35,277.36,277.54,277.81,277.82,277.86,277.95,277.98,278.65,1900,3000,500,700,100,100,100,100,100,100,100,800,600,300,100,400,100,100,100,100
211.0,277.1,30300,8439728.0,277.1,277.0,276.99,276.8,276.56,276.45,276.38,276.35,276.34,276.33,277.34,277.35,277.36,277.54,277.81,277.82,277.86,277.95,277.98,278.65,1900,3000,500,700,100,100,100,100,100,100,100,800,600,300,100,400,100,100,100,100
212.0,277.1,30400,8467438.0,277.1,277.0,276.99,276.8,276.56,276.45,276.38,276.35,276.34,276.33,277.32,277.33,277.34,277.35,277.36,277.54,277.81,277.82,277.86,277.95,1900,3000,500,700,100,100,100,100,100,100,400,200,100,300,600,300,100,400,100,100
213.0,277.1,30400,8467438.0,277.1,277.0,276.99,276.8,276.56,276.45,276.38,276.35,276.34,276.33,277.14,277.32,277.33,277.34,277.35,277.36,277.54,277.81,277.82,277.86,1900,3000,500,700,100,100,100,100,100,100,100,400,200,100,300,600,300,100,400,100
214.0,277.0,33800,9409428.0,277.0,276.99,276.8,276.56,276.45,276.38,276.35,276.34,276.33,276.28,277.1,277.32,277.33,277.34,277.35,277.36,277.54,277.81,277.82,277.86,1500,500,700,200,100,100,100,100,100,100,600,400,200,100,300,600,300,100,400,100
215.0,276.8,36600,10184878.0,276.56,276.38,276.34,276.33,276.15,276.13,276.12,276.08,276.02,276.01,276.79,276.8,276.95,276.96,276.99,277.0,277.05,277.09,277.1,277.11,200,100,100,100,100,300,100,1100,200,900,300,500,300,400,1000,100,200,600,1400,300
216.0,276.78,36700,10212556.0,276.56,276.38,276.34,276.33,276.13,276.12,276.08,276.02,276.01,276.0,276.78,276.79,276.8,276.96,276.99,277.0,277.05,277.09,277.1,277.11,200,100,100,100,300,100,1100,200,900,800,300,300,300,400,600,100,500,600,1400,300
217.0,276.79,37100,10323269.0,276.56,276.38,276.34,276.33,276.13,276.12,276.08,276.02,276.01,276.0,276.79,276.8,276.96,276.99,277.0,277.05,277.09,277.1,277.11,277.13,200,100,100,100,300,100,1100,200,900,800,200,300,400,600,100,500,600,1400,300,300
218.0,276.57,37500,10433940.0,276.56,276.38,276.34,276.33,276.13,276.12,276.08,276.02,276.01,276.0,276.57,276.77,276.8,276.96,276.99,277.0,277.05,277.09,277.1,277.11,100,100,100,100,300,100,1100,200,900,800,500,200,300,400,500,100,500,600,1400,300
219.0,276.56,37600,10461596.0,276.38,276.34,276.33,276.13,276.12,276.08,276.02,276.01,276.0,275.8,276.51,276.57,276.77,276.8,276.96,276.99,277.0,277.05,277.09,277.1,100,100,100,300,100,1100,200,900,800,200,400,500,200,300,400,500,100,500,600,1000
220.0,276.56,37600,10461596.0,276.38,276.34,276.33,276.13,276.12,276.08,276.02,276.01,276.0,275.8,276.51,276.57,276.77,276.8,276.94,276.96,276.99,277.0,277.05,277.09,100,100,100,300,100,1100,200,900,800,200,400,500,200,300,200,400,500,100,300,600
221.0,276.39,37800,10516874.0,276.38,276.34,276.33,276.13,276.12,276.08,276.02,276.01,276.0,275.8,276.5,276.51,276.57,276.77,276.8,276.94,276.96,276.99,277.0,277.05,100,100,100,300,100,1100,200,900,800,200,100,400,500,400,100,200,400,500,100,100
222.0,276.38,37900,10544512.0,276.34,276.33,276.13,276.12,276.08,276.02,276.01,276.0,275.8,275.51,276.5,276.51,276.56,276.57,276.77,276.8,276.94,276.96,276.99,277.0,100,100,300,100,1100,200,900,800,200,100,100,400,100,500,400,100,200,400,500,100
223.0,276.33,38100,10599779.0,276.13,276.12,276.08,276.02,276.01,276.0,275.8,275.51,275.36,275.26,276.5,276.51,276.56,276.57,276.77,276.8,276.94,276.96,276.99,277.0,300,100,1100,200,900,800,200,100,200,100,100,400,100,500,400,100,200,400,500,100
224.0,276.33,38100,10599779.0,276.13,276.12,276.08,276.02,276.01,276.0,275.8,275.51,275.36,275.26,276.34,276.5,276.51,276.56,276.57,276.77,276.8,276.94,276.96,276.99,300,100,1100,200,900,800,200,100,200,100,100,100,400,300,500,400,100,200,400,500
225.0,276.33,38100,10599779.0,276.13,276.12,276.08,276.02,276.01,276.0,275.8,275.51,275.36,275.26,276.29,276.34,276.5,276.51,276.56,276.57,276.77,276.8,276.94,276.96,300,100,1100,200,900,800,200,100,200,100,100,100,100,400,300,500,400,100,200,400
226.0,276.33,38100,10599779.0,276.13,276.12,276.08,276.02,276.01,276.0,275.8,275.51,275.36,275.26,276.29,276.34,276.5,276.51,276.56,276.57,276.77,276.8,276.94,276.96,300,600,1100,200,900,800,200,100,200,100,100,200,100,400,300,500,400,100,200,400
227.0,276.12,38700,10765454.0,276.13,276.12,276.08,276.02,276.01,276.0,275.8,275.51,275.36,275.26,276.34,276.5,276.56,276.57,276.77,276.8,276.94,276.96,276.99,277.0,100,300,1100,200,900,800,200,100,200,100,200,100,300,500,400,100,200,400,500,100
228.0,276.12,38700,10765454.0,276.13,276.12,276.08,276.02,276.01,276.0,275.8,275.51,275.36,275.26,276.34,276.5,276.56,276.57,276.77,276.8,276.94,276.96,276.99,277.0,200,300,1100,200,900,800,200,100,200,100,200,100,300,500,400,100,200,400,500,100
229.0,276.13,38900,10820680.0,276.12,276.08,276.02,276.01,276.0,275.8,275.51,275.36,275.26,275.15,276.34,276.5,276.56,276.57,276.77,276.8,276.94,276.96,276.99,277.0,300,1100,200,900,800,200,100,200,100,100,200,100,300,500,400,100,200,400,500,100
230.0,276.13,38900,10820680.0,276.12,276.08,276.02,276.01,276.0,275.8,275.51,275.36,275.26,275.15,276.34,276.5,276.56,276.57,276.77,276.8,276.94,276.99,277.0,277.09,300,1100,200,900,800,200,100,200,100,100,100,100,300,500,400,100,200,500,100,200
231.0,276.34,39100,10875926.0,276.12,276.08,276.02,276.01,276.0,275.8,275.51,275.36,275.26,275.15,276.5,276.56,276.57,276.77,276.8,276.94,276.99,277.0,277.09,277.1,200,1100,200,900,800,200,100,200,100,100,100,300,500,400,100,200,500,100,200,1400
232.0,276.12,39500,10986374.0,276.12,276.08,276.02,276.01,276.0,275.8,275.51,275.36,275.26,275.15,276.5,276.56,276.57,276.77,276.8,276.94,276.99,277.0,277.09,277.1,400,1100,200,900,800,200,100,200,100,100,100,300,500,400,100,200,500,100,200,1400
233.0,276.12,39700,11041598.0,276.12,276.08,276.02,276.01,276.0,275.8,275.51,275.36,275.26,275.15,276.5,276.56,276.57,276.77,276.8,276.94,276.99,277.0,277.09,277.1,200,1100,200,900,800,200,100,200,100,100,100,300,500,400,100,200,500,100,200,1400
234.0,276.12,39700,11041598.0,276.13,276.12,276.08,276.02,276.01,276.0,275.8,275.51,275.36,275.26,276.5,276.56,276.57,276.77,276.8,276.94,276.99,277.0,277.09,277.1,200,200,1100,200,900,800,200,100,200,100,100,300,500,400,100,200,500,100,200,1400
235.0,276.12,39700,11041598.0,276.13,276.12,276.08,276.02,276.01,276.0,275.8,275.51,275.36,275.26,276.5,276.56,276.57,276.77,276.8,276.94,276.99,277.0,277.09,277.1,200,200,1100,200,900,800,200,100,200,100,100,300,500,400,100,200,500,100,200,1400
236.0,276.14,41200,11456272.0,276.16,276.15,276.14,276.13,276.12,276.08,276.02,276.01,276.0,275.8,276.77,276.94,276.99,277.0,277.09,277.1,277.11,277.13,277.32,277.34,100,100,200,200,200,1100,200,1000,700,200,200,200,500,100,200,1400,300,200,400,100
237.0,276.14,41200,11456272.0,276.34,276.15,276.14,276.13,276.12,276.08,276.02,276.01,276.0,275.8,276.77,276.94,276.99,277.0,277.09,277.1,277.11,277.13,277.32,277.34,100,100,200,200,100,1100,200,1000,700,200,200,200,500,100,200,1400,300,200,400,100
238.0,276.2,41400,11511526.0,276.16,276.14,276.13,276.12,276.08,276.02,276.01,276.0,275.8,275.51,276.77,276.94,276.99,277.0,277.09,277.1,277.11,277.13,277.32,277.34,200,200,300,100,1100,200,1000,700,200,100,300,200,500,100,200,1400,300,200,400,100
239.0,276.2,41400,11511526.0,276.35,276.16,276.14,276.13,276.12,276.08,276.02,276.01,276.0,275.8,276.77,276.94,276.99,277.0,277.09,277.1,277.11,277.13,277.32,277.34,200,300,200,300,100,1100,200,1000,700,200,300,200,500,100,200,1400,300,200,400,100
240.0,276.35,41600,11566796.0,276.38,276.16,276.14,276.13,276.12,276.08,276.02,276.01,276.0,275.8,276.76,276.77,276.94,276.99,277.0,277.09,277.1,277.11,277.13,277.32,400,200,200,300,100,1100,200,1000,700,200,200,300,200,500,100,200,1400,300,200,400
241.0,276.35,41600,11566796.0,276.38,276.34,276.16,276.14,276.13,276.12,276.08,276.02,276.01,276.0,276.76,276.77,276.94,276.99,277.0,277.09,277.1,277.11,277.13,277.32,400,100,100,200,300,100,1100,200,1000,700,200,300,200,500,100,200,1400,300,200,400
242.0,276.76,42000,11677498.0,276.5,276.38,276.16,276.14,276.13,276.12,276.08,276.02,276.01,276.0,276.77,277.0,277.09,277.1,277.11,277.13,277.32,277.34,277.35,277.36,100,400,100,200,300,100,1100,200,1000,700,300,100,200,1400,300,200,400,100,300,400
243.0,276.38,42200,11732786.0,276.38,276.16,276.14,276.13,276.12,276.08,276.02,276.01,276.0,275.8,276.77,277.0,277.09,277.1,277.11,277.13,277.32,277.34,277.35,277.36,300,100,200,300,100,1100,200,1000,700,200,300,100,200,1400,300,200,400,100,300,400
244.0,276.76,42300,11760462.0,276.38,276.16,276.14,276.13,276.12,276.08,276.02,276.01,276.0,275.8,276.76,276.77,277.0,277.09,277.1,277.11,277.13,277.34,277.35,277.36,300,100,200,300,100,1100,200,1000,700,200,100,300,100,200,1400,300,200,100,300,400
245.0,276.76,42300,11760462.0,276.38,276.16,276.14,276.13,276.12,276.08,276.02,276.01,276.0,275.8,276.76,276.77,277.0,277.09,277.1,277.11,277.13,277.34,277.35,277.36,300,100,200,300,100,1100,200,1000,700,200,100,300,100,200,1400,300,200,100,300,400
246.0,276.38,42400,11788100.0,276.38,276.16,276.14,276.13,276.12,276.08,276.02,276.01,276.0,275.8,276.76,276.77,277.0,277.09,277.1,277.11,277.13,277.34,277.35,277.36,200,100,200,300,100,1100,200,1000,800,200,100,300,100,200,1400,300,200,100,300,400
247.0,276.38,42400,11788100.0,276.38,276.17,276.16,276.14,276.13,276.12,276.08,276.02,276.01,276.0,276.76,276.77,277.0,277.09,277.1,277.11,277.13,277.34,277.35,277.36,200,100,100,200,200,100,1100,200,1000,800,100,300,100,200,1400,300,200,100,300,400
248.0,276.38,42400,11788100.0,276.38,276.17,276.16,276.14,276.13,276.12,276.08,276.02,276.01,276.0,276.74,276.75,276.76,276.77,277.0,277.09,277.1,277.11,277.13,277.34,200,100,100,200,200,100,1100,200,1000,800,200,100,100,300,100,200,1400,300,200,100
249.0,276.38,42400,11788100.0,276.38,276.17,276.16,276.14,276.13,276.12,276.08,276.02,276.01,276.0,276.72,276.73,276.74,276.75,276.76,276.77,277.0,277.09,277.1,277.11,200,100,100,200,200,100,1100,200,1000,900,200,100,200,100,100,300,100,200,1400,300
250.0,276.38,42400,11788100.0,276.5,276.38,276.17,276.16,276.14,276.12,276.08,276.02,276.01,276.0,276.72,276.73,276.74,276.75,276.76,276.77,277.0,277.09,277.1,277.11,1000,200,100,100,200,200,1100,200,1000,900,200,100,200,100,100,300,100,200,1400,300
251.0,276.38,42400,11788100.0,276.5,276.38,276.17,276.16,276.14,276.12,276.08,276.02,276.01,276.0,276.72,276.74,276.75,276.76,276.77,277.0,277.09,277.1,277.11,277.13,1000,200,100,100,200,200,1100,200,1000,900,200,200,100,100,300,100,200,1400,300,200
252.0,276.38,42400,11788100.0,276.5,276.38,276.17,276.16,276.14,276.12,276.08,276.02,276.01,276.0,276.72,276.74,276.75,276.76,276.77,277.0,277.09,277.1,277.11,277.13,1000,200,100,100,200,200,1100,200,1000,900,200,200,100,100,300,100,200,1400,300,200
253.0,276.38,42400,11788100.0,276.5,276.38,276.17,276.16,276.14,276.12,276.08,276.02,276.01,276.0,276.72,276.74,276.75,276.76,276.77,277.0,277.09,277.1,277.11,277.13,1000,200,100,100,200,200,1100,200,1000,900,200,200,100,100,300,100,200,1400,300,200
254.0,276.38,42400,11788100.0,276.5,276.4,276.38,276.17,276.16,276.14,276.12,276.08,276.02,276.01,276.72,276.74,276.75,276.76,276.77,277.0,277.09,277.1,277.11,277.13,1000,100,200,300,100,200,200,1100,200,1000,200,200,100,100,300,100,200,1400,300,200
255.0,276.72,42600,11843422.0,276.5,276.4,276.38,276.17,276.16,276.14,276.12,276.08,276.02,276.01,276.72,276.74,276.75,276.76,276.77,277.0,277.09,277.1,277.11,277.13,1000,100,200,300,100,200,200,1100,200,1000,100,200,100,100,300,100,200,1400,300,200
256.0,276.72,42600,11843422.0,276.5,276.4,276.38,276.17,276.16,276.12,276.08,276.02,276.01,276.0,276.72,276.74,276.75,276.76,276.77,277.0,277.09,277.1,277.11,277.13,1000,100,200,300,100,200,1100,200,1000,900,100,200,100,100,300,100,200,1400,300,200
257.0,276.72,42600,11843422.0,276.5,276.4,276.38,276.17,276.16,276.12,276.08,276.02,276.01,276.0,276.72,276.74,276.75,276.76,276.77,277.0,277.09,277.1,277.11,277.13,1000,100,200,300,100,200,1100,200,1000,200,100,200,100,100,300,100,200,1400,300,200
258.0,276.72,42700,11871094.0,276.5,276.4,276.38,276.17,276.16,276.12,276.08,276.02,276.01,276.0,276.74,276.75,276.76,276.77,277.0,277.09,277.1,277.11,277.13,277.34,1000,100,200,300,100,200,1100,200,1000,200,200,100,100,300,100,200,1400,300,200,100
259.0,276.72,42700,11871094.0,276.5,276.4,276.38,276.17,276.16,276.12,276.08,276.02,276.01,276.0,276.74,276.75,276.76,276.77,277.0,277.09,277.1,277.11,277.13,277.34,1000,100,200,300,100,200,1100,200,1000,200,200,100,100,300,100,200,1400,300,200,100
260.0,276.72,42700,11871094.0,276.5,276.4,276.38,276.17,276.16,276.12,276.08,276.02,276.01,276.0,276.74,276.75,276.76,276.77,277.0,277.09,277.1,277.11,277.13,277.34,1000,100,200,400,100,200,1100,200,1000,200,200,100,100,300,100,200,1300,300,200,100
261.0,276.72,42700,11871094.0,276.5,276.4,276.38,276.17,276.16,276.12,276.08,276.02,276.01,276.0,276.74,276.75,276.76,276.77,277.0,277.09,277.1,277.11,277.13,277.34,1000,100,200,400,100,200,1100,200,1000,200,200,100,100,300,100,200,1300,300,200,100
262.0,276.74,42800,11898768.0,276.5,276.4,276.38,276.17,276.16,276.12,276.08,276.02,276.01,276.0,276.74,276.75,276.76,276.77,277.0,277.09,277.1,277.11,277.13,277.34,1000,100,200,400,100,200,1100,200,1000,200,100,100,100,300,100,200,1300,300,200,100
263.0,276.74,42800,11898768.0,276.5,276.4,276.38,276.17,276.16,276.12,276.08,276.02,276.01,276.0,276.74,276.75,276.76,276.77,277.0,277.09,277.1,277.11,277.13,277.34,1000,100,200,400,100,200,1100,200,1000,200,100,100,100,300,100,200,1300,300,200,100
264.0,276.5,43100,11981718.0,276.5,276.4,276.38,276.17,276.16,276.12,276.08,276.02,276.01,276.0,276.74,276.75,276.76,276.77,277.0,277.09,277.1,277.11,277.13,277.34,700,100,200,400,100,200,1100,200,1000,200,100,100,100,300,100,200,1300,300,200,100
265.0,276.5,43200,12009368.0,276.53,276.5,276.4,276.38,276.17,276.16,276.12,276.08,276.02,276.01,276.74,276.75,276.76,276.77,277.0,277.09,277.1,277.11,277.13,277.34,100,600,100,200,400,100,200,1100,200,1000,100,100,100,300,100,200,1300,300,200,100
266.0,276.5,43700,12147645.0,276.5,276.4,276.38,276.17,276.16,276.12,276.08,276.02,276.01,276.0,276.75,276.76,276.77,277.09,277.1,277.11,277.13,277.34,277.35,277.36,300,100,200,400,100,300,1100,200,1000,200,100,100,300,200,1300,300,200,100,300,400
267.0,276.5,43800,12175295.0,276.5,276.4,276.38,276.17,276.16,276.12,276.08,276.02,276.01,276.0,276.58,276.75,276.76,276.77,277.09,277.1,277.11,277.13,277.34,277.35,200,100,200,400,100,300,1100,200,1000,200,100,100,100,300,200,1300,300,200,100,300
268.0,276.5,43800,12175295.0,276.5,276.4,276.38,276.17,276.16,276.12,276.08,276.02,276.01,276.0,276.58,276.75,276.76,276.77,277.09,277.1,277.11,277.13,277.34,277.35,200,100,200,400,100,300,1100,200,1000,200,100,100,100,300,200,1300,300,200,100,300
269.0,276.5,44000,12230595.0,276.4,276.38,276.17,276.16,276.12,276.08,276.02,276.01,276.0,275.8,276.51,276.57,276.58,276.75,276.76,276.77,277.09,277.1,277.11,277.13,100,200,400,100,300,1100,200,1000,200,200,200,100,100,100,100,300,200,1300,300,200
270.0,276.5,44000,12230595.0,276.38,276.17,276.16,276.15,276.12,276.08,276.02,276.01,276.0,275.8,276.5,276.51,276.57,276.58,276.75,276.76,276.77,277.09,277.1,277.11,200,400,100,100,300,1100,200,1000,200,200,100,200,100,100,100,100,300,200,1300,300
271.0,276.5,44000,12230595.0,276.38,276.17,276.16,276.15,276.12,276.08,276.02,276.01,276.0,275.8,276.5,276.51,276.57,276.58,276.75,276.76,276.77,277.09,277.1,277.11,200,400,100,100,300,1100,200,1000,200,200,300,200,100,100,100,100,300,200,1300,300
272.0,276.39,44200,12285884.0,276.38,276.17,276.16,276.15,276.12,276.08,276.02,276.01,276.0,275.8,276.49,276.5,276.51,276.57,276.58,276.75,276.76,276.77,277.09,277.1,200,400,100,100,300,1100,200,1000,200,200,100,200,200,100,100,100,100,300,200,1300
273.0,276.38,44300,12313522.0,276.38,276.19,276.17,276.16,276.15,276.12,276.08,276.02,276.01,276.0,276.49,276.5,276.51,276.57,276.58,276.75,276.76,276.77,277.09,277.1,100,200,400,100,100,300,1100,200,1000,200,100,200,200,100,100,100,100,300,200,1300
274.0,276.38,44300,12313522.0,276.38,276.19,276.17,276.16,276.15,276.12,276.08,276.02,276.01,276.0,276.49,276.5,276.51,276.57,276.58,276.75,276.76,276.77,277.09,277.1,100,200,400,100,100,300,1100,200,1000,200,100,300,200,100,100,100,100,300,200,1300
275.0,276.38,44300,12313522.0,276.38,276.19,276.17,276.16,276.15,276.12,276.08,276.02,276.01,276.0,276.49,276.5,276.51,276.57,276.58,276.75,276.76,276.77,277.09,277.1,100,200,400,100,100,300,1100,200,1000,200,100,300,200,100,100,100,100,300,200,1300
276.0,276.38,44300,12313522.0,276.38,276.19,276.17,276.16,276.15,276.12,276.08,276.02,276.01,276.0,276.49,276.5,276.51,276.57,276.58,276.75,276.76,276.77,277.09,277.1,100,200,400,100,100,300,1100,200,1000,200,100,300,200,100,100,100,100,300,200,1300
277.0,276.38,44400,12341160.0,276.19,276.17,276.16,276.15,276.12,276.08,276.02,276.01,276.0,275.8,276.49,276.5,276.51,276.57,276.58,276.75,276.76,276.77,277.09,277.1,200,400,100,100,300,1100,200,1000,200,200,100,300,200,100,100,100,100,300,200,1300
278.0,276.49,44500,12368809.0,276.49,276.19,276.17,276.16,276.15,276.12,276.08,276.02,276.01,276.0,276.5,276.51,276.57,276.58,276.75,276.76,276.77,277.09,277.1,277.11,100,200,400,100,100,300,1000,200,1000,200,300,200,100,100,100,100,300,200,1300,300
279.0,276.49,44600,12396458.0,276.19,276.17,276.16,276.15,276.12,276.08,276.02,276.01,276.0,275.8,276.5,276.51,276.57,276.58,276.75,276.76,276.77,277.09,277.1,277.11,200,400,100,100,300,1000,200,1000,200,200,300,200,100,100,100,100,300,200,1200,300
280.0,276.49,44600,12396458.0,276.19,276.17,276.16,276.15,276.12,276.08,276.02,276.01,276.0,275.8,276.5,276.51,276.57,276.58,276.75,276.76,276.77,277.09,277.1,277.11,200,400,100,100,300,1000,200,1000,200,200,300,200,100,100,100,100,300,200,1200,300
281.0,276.49,44600,12396458.0,276.19,276.17,276.16,276.15,276.12,276.08,276.02,276.01,276.0,275.8,276.38,276.5,276.51,276.57,276.58,276.75,276.76,276.77,277.09,277.1,200,400,100,100,300,1000,200,1000,200,200,200,300,200,100,100,100,100,300,200,1200
282.0,276.38,44800,12451734.0,276.38,276.19,276.17,276.16,276.15,276.12,276.08,276.02,276.01,276.0,276.5,276.51,276.57,276.75,276.76,276.77,277.09,277.1,277.11,277.13,800,200,400,100,100,300,1000,200,1000,200,300,200,100,100,100,300,200,1200,300,100
283.0,276.38,44800,12451734.0,276.39,276.38,276.19,276.17,276.16,276.15,276.12,276.08,276.02,276.01,276.5,276.51,276.57,276.75,276.76,276.77,277.09,277.1,277.11,277.13,100,800,200,400,100,100,300,1000,200,1000,300,200,100,100,100,300,200,1200,300,100
284.0,276.38,44800,12451734.0,276.39,276.38,276.2,276.19,276.17,276.16,276.15,276.12,276.08,276.02,276.45,276.5,276.51,276.57,276.75,276.76,276.77,277.09,277.1,277.11,100,800,200,200,400,100,100,300,1000,200,100,300,200,100,100,100,300,200,1200,300
285.0,276.38,44800,12451734.0,276.39,276.38,276.2,276.19,276.17,276.16,276.15,276.12,276.08,276.02,276.45,276.5,276.51,276.57,276.75,276.76,276.77,277.09,277.1,277.11,200,800,1200,200,400,100,100,300,1000,200,100,300,200,100,100,100,300,200,1000,300
286.0,276.39,45100,12534654.0,276.39,276.38,276.2,276.19,276.17,276.16,276.15,276.12,276.08,276.02,276.45,276.5,276.51,276.57,276.75,276.76,276.77,277.09,277.1,277.11,400,800,1200,200,400,100,100,300,1000,200,100,300,200,100,100,100,200,200,1000,300
287.0,276.39,45100,12534654.0,276.39,276.38,276.2,276.19,276.17,276.16,276.15,276.12,276.08,276.02,276.45,276.5,276.51,276.57,276.75,276.76,276.77,277.09,277.1,277.11,400,900,1200,200,400,100,100,300,1000,200,100,300,200,100,100,100,200,200,1000,300
288.0,276.39,45100,12534654.0,276.39,276.38,276.2,276.19,276.17,276.16,276.15,276.12,276.08,276.02,276.45,276.5,276.51,276.57,276.75,276.76,276.77,277.09,277.1,277.11,400,900,1200,200,400,100,100,300,1000,200,100,300,200,100,100,100,200,200,1000,300
289.0,276.45,45200,12562299.0,276.39,276.38,276.2,276.19,276.17,276.16,276.15,276.12,276.08,276.02,276.5,276.51,276.57,276.75,276.76,276.77,277.09,277.1,277.11,277.13,500,900,1200,200,400,100,100,300,1000,200,300,200,100,100,100,200,200,1000,300,100
290.0,276.45,45200,12562299.0,276.39,276.38,276.2,276.19,276.17,276.16,276.15,276.12,276.08,276.02,276.4,276.5,276.51,276.57,276.75,276.76,276.77,277.09,277.1,277.11,500,900,1200,200,400,100,100,300,1000,200,100,300,200,100,100,100,200,200,1000,300
291.0,276.39,45300,12589938.0,276.39,276.38,276.2,276.19,276.17,276.16,276.15,276.12,276.08,276.02,276.4,276.5,276.51,276.57,276.75,276.76,276.77,277.09,277.1,277.11,400,900,1200,200,400,100,600,300,1000,200,100,300,200,100,100,100,200,200,1000,300
292.0,276.39,45300,12589938.0,276.39,276.38,276.25,276.2,276.19,276.17,276.16,276.15,276.12,276.08,276.4,276.5,276.51,276.57,276.75,276.76,276.77,277.09,277.1,277.11,400,900,100,1200,200,400,100,600,300,1000,100,300,200,100,100,100,200,200,1000,300
293.0,276.4,45400,12617578.0,276.39,276.38,276.25,276.2,276.19,276.17,276.16,276.15,276.12,276.08,276.5,276.51,276.57,276.75,276.76,276.77,277.09,277.1,277.11,277.13,400,900,100,1200,200,400,100,600,300,1000,300,200,100,100,100,200,200,1000,300,100
294.0,276.4,45400,12617578.0,276.39,276.38,276.25,276.2,276.17,276.16,276.15,276.12,276.08,276.02,276.5,276.51,276.57,276.75,276.76,276.77,277.09,277.1,277.11,277.13,400,900,100,1200,400,100,600,300,1000,200,300,200,100,100,100,200,200,1000,300,100
295.0,276.4,45400,12617578.0,276.39,276.38,276.25,276.2,276.17,276.16,276.15,276.12,276.08,276.02,276.5,276.51,276.57,276.75,276.76,276.77,277.09,277.1,277.11,277.13,400,900,100,1200,400,100,600,300,1000,200,300,200,100,100,100,200,200,1000,300,100
296.0,276.4,45400,12617578.0,276.39,276.38,276.25,276.2,276.17,276.16,276.15,276.12,276.08,276.02,276.5,276.51,276.57,276.75,276.76,276.77,277.09,277.1,277.11,277.13,400,900,100,1200,400,100,600,300,1000,200,300,200,100,100,100,200,200,1000,300,100
297.0,276.4,45400,12617578.0,276.4,276.39,276.38,276.25,276.2,276.17,276.16,276.15,276.12,276.08,276.5,276.51,276.57,276.75,276.76,276.77,277.09,277.1,277.11,277.13,200,400,900,100,1200,400,100,600,200,1000,300,200,100,100,100,200,200,1000,300,100
298.0,276.4,45500,12645218.0,276.4,276.39,276.38,276.25,276.2,276.17,276.16,276.15,276.12,276.08,276.5,276.51,276.57,276.75,276.76,276.77,277.09,277.1,277.11,277.13,100,400,900,100,1200,400,100,600,200,1000,300,200,100,100,100,200,200,1000,300,100
299.0,276.39,45700,12700497.0,276.39,276.38,276.25,276.2,276.17,276.16,276.15,276.12,276.08,276.02,276.5,276.51,276.57,276.75,276.76,276.77,277.09,277.1,277.11,277.13,300,900,100,1200,400,100,600,200,1000,200,300,200,100,100,100,200,200,1000,300,100
300.0,276.39,45700,12700497.0,276.4,276.39,276.38,276.25,276.2,276.17,276.16,276.15,276.12,276.08,276.5,276.51,276.57,276.75,276.76,276.77,277.09,277.1,277.11,277.13,100,300,900,100,1200,400,100,600,200,1000,300,200,100,100,100,200,200,1000,300,100
301.0,276.39,45700,12700497.0,276.4,276.39,276.38,276.25,276.2,276.17,276.16,276.15,276.12,276.08,276.5,276.51,276.57,276.75,276.76,276.77,277.09,277.1,277.11,277.13,200,300,900,100,1200,400,100,600,200,1000,300,200,100,100,100,200,200,1000,300,100
302.0,276.5,45800,12728147.0,276.4,276.39,276.38,276.25,276.2,276.17,276.16,276.15,276.12,276.08,276.5,276.51,276.57,276.75,276.76,276.77,277.09,277.1,277.11,277.13,200,100,900,100,1200,400,100,600,200,1000,200,200,100,100,100,200,200,1000,300,100
303.0,276.4,46100,12811087.0,276.4,276.39,276.38,276.25,276.2,276.17,276.16,276.15,276.12,276.08,276.49,276.51,276.57,276.75,276.76,276.77,277.09,277.1,277.11,277.13,300,100,900,100,1200,400,100,600,200,1000,100,200,100,100,100,200,200,1000,300,100
304.0,276.4,46100,12811087.0,276.4,276.39,276.38,276.25,276.2,276.17,276.16,276.15,276.12,276.08,276.49,276.51,276.57,276.75,276.76,276.77,277.09,277.1,277.11,277.13,300,100,900,100,1200,400,100,600,200,1000,200,200,100,100,100,200,200,1000,300,100
305.0,276.4,46300,12866368.0,276.4,276.39,276.38,276.25,276.2,276.17,276.16,276.15,276.12,276.08,276.48,276.49,276.51,276.57,276.75,276.76,276.77,277.09,277.1,277.11,200,100,900,100,1200,400,100,600,200,1000,100,200,200,100,100,100,200,200,1000,300
306.0,276.4,46400,12894008.0,276.4,276.39,276.38,276.25,276.2,276.17,276.16,276.15,276.12,276.08,276.48,276.49,276.51,276.57,276.75,276.76,276.77,277.09,277.1,277.11,100,100,900,100,1300,400,100,600,200,1000,100,200,200,100,100,100,200,200,1000,300
307.0,276.4,46400,12894008.0,276.4,276.39,276.38,276.25,276.2,276.17,276.16,276.15,276.12,276.08,276.48,276.49,276.51,276.57,276.75,276.76,276.77,277.09,277.1,277.11,100,100,900,100,1300,400,100,600,200,1000,100,200,200,100,100,100,200,200,1000,300
308.0,276.49,47100,13087562.0,276.49,276.45,276.44,276.4,276.39,276.38,276.25,276.2,276.17,276.16,276.75,276.76,276.77,277.09,277.1,277.11,277.13,277.2,277.35,277.36,200,100,100,100,400,900,100,1300,400,100,100,100,200,200,1000,300,100,200,300,300
309.0,276.77,47500,13198267.0,276.49,276.45,276.44,276.4,276.39,276.38,276.25,276.2,276.17,276.16,277.1,277.11,277.13,277.2,277.35,277.36,277.81,277.95,278.5,278.65,200,300,100,100,400,900,100,1300,400,100,1000,300,100,200,300,300,100,100,100,100
310.0,277.1,47700,13253687.0,276.51,276.5,276.49,276.45,276.44,276.4,276.39,276.38,276.25,276.2,277.1,277.11,277.13,277.2,277.35,277.36,277.81,277.95,278.5,278.65,100,300,200,300,100,100,400,900,100,1300,800,300,100,200,300,300,100,100,100,100
311.0,277.2,49100,13641653.0,277.13,277.09,276.86,276.58,276.55,276.54,276.53,276.52,276.51,276.5,277.35,277.36,277.81,277.95,278.5,278.65,278.72,278.81,278.87,278.89,200,100,200,100,100,200,300,100,100,300,300,300,100,100,100,100,100,100,100,100
312.0,277.16,49200,13669369.0,277.17,277.16,277.13,277.11,277.1,277.09,276.55,276.54,276.53,276.52,277.35,277.36,277.81,277.95,278.34,278.5,278.65,278.72,278.81,278.87,200,100,200,100,200,200,100,200,300,100,300,300,100,100,1900,100,100,100,100,100
313.0,277.16,49200,13669369.0,277.17,277.16,277.13,277.11,277.1,277.09,276.55,276.54,276.53,276.52,277.35,277.36,277.81,277.95,278.5,278.65,278.72,278.81,278.87,278.89,200,100,200,100,200,200,100,200,300,100,300,300,100,100,100,100,100,100,100,100
314.0,277.36,50000,13891313.0,277.37,277.36,277.34,277.22,277.17,277.16,277.13,277.11,277.1,277.09,277.99,278.01,278.09,278.15,278.22,278.34,278.35,278.44,278.45,278.46,600,500,200,100,200,100,200,100,200,200,200,100,100,100,100,200,300,200,200,300
315.0,277.36,50900,14140943.0,277.36,277.34,277.22,277.17,277.16,277.13,277.1,277.09,276.55,276.54,277.99,278.01,278.09,278.15,278.22,278.34,278.35,278.44,278.45,278.46,200,200,100,200,100,200,200,200,100,100,200,100,100,100,100,200,300,200,200,300
316.0,277.36,50900,14140943.0,277.36,277.34,277.22,277.17,277.16,277.13,277.1,277.09,276.55,276.54,277.99,278.01,278.09,278.15,278.22,278.34,278.35,278.44,278.45,278.46,200,200,100,200,100,200,200,200,100,100,200,100,100,100,100,200,300,200,200,300
317.0,277.91,51000,14168734.0,277.36,277.34,277.22,277.17,277.16,277.13,277.1,277.09,276.55,276.54,277.92,277.94,277.95,277.97,277.98,277.99,278.01,278.09,278.15,278.22,300,200,100,200,100,200,200,200,100,100,100,100,100,100,200,100,100,100,100,100
318.0,277.36,51100,14196470.0,277.36,277.34,277.22,277.17,277.16,277.13,277.1,277.09,276.55,276.54,277.92,277.94,277.95,277.97,277.98,277.99,278.01,278.09,278.15,278.22,200,200,100,200,100,200,200,200,100,100,100,100,100,100,200,100,100,100,100,100
319.0,277.36,51200,14224206.0,277.36,277.34,277.22,277.17,277.16,277.13,277.1,277.09,276.55,276.54,277.92,277.94,277.95,277.97,277.98,277.99,278.01,278.09,278.15,278.22,200,200,100,200,100,200,200,200,100,100,100,100,100,100,200,100,100,100,100,100
320.0,277.36,51300,14251942.0,277.36,277.34,277.22,277.17,277.16,277.13,277.1,277.09,276.55,276.54,277.91,277.92,277.94,277.95,277.97,277.98,277.99,278.01,278.09,278.15,100,200,100,200,100,200,200,200,100,100,500,100,100,100,100,200,100,100,100,100
321.0,277.36,51300,14251942.0,277.36,277.34,277.22,277.17,277.16,277.13,277.1,277.09,276.55,276.54,277.91,277.92,277.94,277.95,277.97,277.98,277.99,278.01,278.09,278.15,100,200,100,200,100,200,200,200,100,100,500,100,100,100,100,200,100,100,100,100
322.0,277.91,51400,14279733.0,277.36,277.34,277.22,277.17,277.16,277.13,277.1,277.09,276.55,276.54,277.91,277.92,277.94,277.95,277.97,277.98,277.99,278.01,278.09,278.15,100,200,100,200,100,200,200,200,100,100,500,100,100,100,100,200,100,100,100,100
323.0,277.9,51500,14307523.0,277.36,277.34,277.22,277.17,277.16,277.13,277.1,277.09,276.55,276.54,277.9,277.91,277.92,277.94,277.95,277.97,277.98,277.99,278.01,278.09,100,200,100,200,100,200,200,200,100,100,100,500,100,100,100,100,200,100,100,100
324.0,277.9,51500,14307523.0,277.36,277.34,277.22,277.17,277.16,277.13,277.1,277.09,276.55,276.54,277.9,277.91,277.92,277.94,277.95,277.97,277.98,277.99,278.01,278.09,100,200,100,200,100,200,200,200,100,100,100,500,100,100,100,100,200,100,100,100
325.0,277.9,51500,14307523.0,277.36,277.34,277.22,277.17,277.16,277.13,277.1,277.09,276.55,276.54,277.9,277.91,277.92,277.94,277.95,277.97,277.98,277.99,278.01,278.09,100,300,100,200,100,200,200,200,100,100,100,500,100,100,100,100,200,100,100,100
326.0,277.9,51500,14307523.0,277.36,277.34,277.22,277.17,277.16,277.13,277.1,277.09,276.55,276.54,277.88,277.89,277.9,277.91,277.92,277.94,277.95,277.97,277.98,277.99,100,300,100,200,100,200,200,200,100,100,100,100,100,500,100,100,100,100,200,100
327.0,277.36,51600,14335259.0,277.34,277.22,277.17,277.16,277.13,277.1,277.09,276.55,276.54,276.53,277.36,277.88,277.89,277.9,277.91,277.92,277.94,277.95,277.97,277.98,300,100,200,100,200,200,200,100,100,300,700,100,100,100,500,100,100,100,100,200
328.0,277.36,51600,14335259.0,277.34,277.22,277.17,277.16,277.13,277.1,277.09,276.55,276.54,276.53,277.36,277.88,277.89,277.9,277.91,277.92,277.94,277.95,277.97,277.98,300,100,200,100,200,200,200,100,100,300,700,100,100,200,500,100,100,100,100,200
329.0,277.34,51700,14362993.0,277.34,277.22,277.17,277.16,277.13,277.1,277.09,276.55,276.54,276.53,277.36,277.88,277.89,277.9,277.91,277.92,277.94,277.95,277.97,277.98,300,100,200,100,200,200,200,100,100,300,700,100,100,200,500,100,100,100,100,200
330.0,277.34,51700,14362993.0,277.34,277.22,277.17,277.16,277.13,277.1,277.09,277.0,276.55,276.54,277.36,277.88,277.89,277.9,277.91,277.92,277.94,277.95,277.97,277.98,300,100,200,100,200,200,200,100,100,100,700,100,100,200,500,100,100,100,100,200
331.0,277.36,51800,14390729.0,277.34,277.22,277.17,277.16,277.13,277.1,277.09,277.0,276.55,276.54,277.36,277.88,277.89,277.9,277.91,277.92,277.94,277.95,277.97,277.98,300,100,200,100,200,200,200,100,100,100,600,100,100,200,500,100,100,100,100,200
332.0,277.36,51900,14418465.0,277.35,277.34,277.22,277.17,277.16,277.13,277.1,277.09,277.0,276.55,277.36,277.88,277.89,277.9,277.91,277.92,277.94,277.95,277.98,277.99,200,300,100,200,100,200,200,200,100,100,500,100,100,200,500,100,100,100,200,100
333.0,277.36,52100,14473937.0,277.35,277.34,277.22,277.17,277.16,277.13,277.1,277.09,277.0,276.55,277.36,277.88,277.89,277.9,277.91,277.92,277.94,277.95,277.98,277.99,200,300,100,200,100,200,200,200,100,100,300,100,100,200,500,100,100,100,200,100
334.0,277.36,52400,14557145.0,277.36,277.35,277.34,277.22,277.17,277.16,277.13,277.1,277.09,277.0,277.87,277.88,277.89,277.9,277.91,277.94,277.98,277.99,278.01,278.09,100,200,300,100,200,100,200,200,200,100,200,100,100,100,500,100,200,100,100,100
335.0,277.87,52500,14584932.0,277.36,277.35,277.34,277.22,277.17,277.16,277.13,277.1,277.09,277.0,277.87,277.88,277.89,277.9,277.91,277.94,277.98,277.99,278.01,278.09,900,200,300,100,200,100,200,200,200,100,500,100,100,100,500,100,200,100,100,100
336.0,277.87,52500,14584932.0,277.36,277.35,277.34,277.22,277.17,277.16,277.13,277.1,277.09,277.0,277.87,277.88,277.89,277.9,277.91,277.94,277.98,277.99,278.01,278.09,900,200,300,100,200,100,200,200,200,100,500,100,100,100,500,100,200,100,100,100
337.0,277.87,52500,14584932.0,277.36,277.35,277.34,277.22,277.17,277.16,277.13,277.1,277.09,277.0,277.87,277.88,277.89,277.9,277.91,277.94,277.98,277.99,278.01,278.09,1000,200,300,100,200,100,200,200,200,100,500,100,100,100,500,100,200,100,100,100
338.0,277.87,52600,14612719.0,277.36,277.34,277.22,277.17,277.16,277.13,277.1,277.09,277.0,276.55,277.87,277.88,277.89,277.9,277.91,277.94,277.98,277.99,278.01,278.09,1000,300,100,200,100,200,200,200,100,100,400,100,100,100,500,100,200,100,100,100
339.0,277.36,52700,14640455.0,277.36,277.34,277.22,277.17,277.16,277.13,277.1,277.09,277.0,276.55,277.87,277.88,277.89,277.9,277.91,277.94,277.98,277.99,278.01,278.09,900,300,100,200,100,200,200,200,100,100,400,100,100,100,500,100,200,100,100,100
340.0,277.36,52700,14640455.0,277.36,277.34,277.22,277.17,277.16,277.13,277.1,277.09,277.0,276.55,277.87,277.88,277.89,277.9,277.91,277.94,277.98,277.99,278.01,278.09,900,300,100,200,100,200,200,200,100,100,400,100,100,100,500,100,200,100,100,100
341.0,277.36,52700,14640455.0,277.36,277.34,277.22,277.17,277.16,277.13,277.1,277.09,277.0,276.55,277.86,277.87,277.88,277.89,277.9,277.91,277.94,277.98,277.99,278.01,900,300,100,200,100,200,200,200,100,100,100,400,100,100,100,500,100,200,100,100
342.0,277.36,52700,14640455.0,277.36,277.34,277.22,277.17,277.16,277.13,277.1,277.09,277.0,276.55,277.85,277.86,277.87,277.88,277.89,277.9,277.91,277.94,277.98,277.99,900,300,100,200,100,200,200,200,100,100,300,100,400,100,100,100,500,100,200,100
343.0,277.36,53600,14890079.0,277.36,277.34,277.22,277.17,277.16,277.13,277.1,277.09,277.0,276.55,277.86,277.87,277.88,277.89,277.9,277.91,277.94,277.98,277.99,278.01,100,300,100,200,100,200,200,200,100,100,100,400,100,100,100,500,100,200,100,100
344.0,277.36,53600,14890079.0,277.36,277.34,277.22,277.17,277.16,277.13,277.1,277.09,277.0,276.55,277.82,277.83,277.84,277.86,277.87,277.88,277.89,277.9,277.91,277.94,300,300,100,200,100,200,200,200,100,100,100,100,100,200,400,100,100,100,500,100
345.0,277.36,53600,14890079.0,277.36,277.34,277.22,277.17,277.16,277.13,277.1,277.09,277.0,276.55,277.82,277.84,277.86,277.87,277.88,277.89,277.9,277.91,277.94,277.99,300,300,100,200,100,200,200,200,100,100,100,200,200,400,100,100,100,500,100,100
346.0,277.36,53700,14917815.0,277.37,277.36,277.34,277.22,277.17,277.16,277.13,277.1,277.09,277.0,277.82,277.84,277.86,277.87,277.88,277.89,277.9,277.91,277.94,277.99,200,200,300,100,200,100,200,200,200,100,100,100,200,400,100,100,100,500,100,100
347.0,277.82,53800,14945597.0,277.37,277.36,277.34,277.22,277.17,277.16,277.13,277.1,277.09,277.0,277.81,277.84,277.86,277.87,277.88,277.89,277.9,277.91,277.94,277.99,200,200,300,100,200,100,200,200,200,100,100,100,200,400,100,100,100,500,100,100
348.0,277.37,53900,14973334.0,277.37,277.36,277.34,277.22,277.17,277.16,277.13,277.1,277.09,277.0,277.8,277.81,277.84,277.86,277.87,277.88,277.89,277.9,277.91,277.94,100,200,300,100,200,100,200,200,200,100,100,100,100,200,400,100,100,100,500,100
349.0,277.8,54000,15001114.0,277.37,277.36,277.34,277.22,277.17,277.16,277.13,277.1,277.09,277.0,277.81,277.84,277.86,277.87,277.88,277.89,277.9,277.91,277.94,277.99,100,200,300,100,200,100,200,200,200,100,100,100,200,400,100,100,100,500,100,100
350.0,277.8,54000,15001114.0,277.37,277.36,277.34,277.22,277.17,277.16,277.13,277.1,277.09,277.0,277.81,277.84,277.86,277.88,277.89,277.9,277.91,277.94,277.99,278.01,100,200,300,100,200,100,200,200,200,100,100,100,100,100,100,100,500,100,100,100
351.0,277.8,54000,15001114.0,277.37,277.36,277.34,277.22,277.17,277.16,277.13,277.1,277.09,277.0,277.81,277.84,277.86,277.88,277.89,277.9,277.91,277.94,277.99,278.01,200,200,300,100,200,100,200,200,200,100,100,100,100,100,100,100,500,100,100,100
352.0,277.8,54000,15001114.0,277.37,277.36,277.34,277.22,277.17,277.16,277.13,277.1,277.09,277.0,277.79,277.81,277.84,277.86,277.88,277.89,277.9,277.91,277.94,277.99,400,200,300,100,200,100,200,200,200,100,100,100,100,100,100,100,100,500,100,100
353.0,277.8,54000,15001114.0,277.37,277.36,277.34,277.22,277.17,277.16,277.13,277.1,277.09,277.0,277.81,277.84,277.86,277.89,277.9,277.91,277.99,278.01,278.09,278.15,400,600,300,100,200,100,200,200,200,100,100,100,100,100,100,500,100,100,100,100
354.0,277.8,54000,15001114.0,277.37,277.36,277.34,277.22,277.17,277.16,277.13,277.1,277.09,277.0,277.78,277.81,277.84,277.86,277.89,277.9,277.91,277.99,278.01,278.09,400,700,300,100,200,100,200,200,200,100,100,100,100,100,100,100,500,100,100,100
355.0,277.8,54000,15001114.0,277.79,277.37,277.36,277.34,277.22,277.17,277.16,277.13,277.1,277.09,277.81,277.84,277.86,277.89,277.9,277.91,277.99,278.01,278.09,278.15,900,400,700,300,100,200,100,200,200,200,100,100,100,100,100,500,100,100,100,100
356.0,277.37,55000,15278862.0,277.37,277.36,277.34,277.22,277.17,277.16,277.13,277.1,277.09,277.0,277.78,277.79,277.8,277.81,277.84,277.86,277.89,277.9,277.91,277.99,300,700,300,100,200,100,200,200,200,100,100,300,300,100,100,100,100,100,500,100
357.0,277.37,55000,15278862.0,277.37,277.36,277.34,277.22,277.17,277.16,277.13,277.1,277.09,277.0,277.78,277.79,277.8,277.81,277.84,277.86,277.89,277.9,277.91,277.99,300,700,300,100,200,100,200,200,200,100,100,300,300,100,100,100,100,100,500,100
358.0,277.79,55200,15334419.0,277.37,277.36,277.34,277.22,277.17,277.16,277.13,277.1,277.09,277.0,277.79,277.8,277.81,277.84,277.86,277.89,277.9,277.91,277.99,278.01,300,700,300,100,200,100,200,200,200,100,200,300,100,100,100,100,100,500,100,100
359.0,277.37,55300,15362156.0,277.37,277.36,277.34,277.22,277.17,277.16,277.13,277.1,277.09,277.0,277.77,277.8,277.81,277.84,277.86,277.89,277.9,277.91,277.99,278.01,200,700,300,100,200,100,200,200,200,100,100,300,100,100,100,100,100,500,100,100
360.0,277.37,55400,15389893.0,277.41,277.37,277.36,277.34,277.22,277.17,277.16,277.13,277.1,277.09,277.77,277.8,277.81,277.84,277.86,277.89,277.9,277.91,277.99,278.01,100,100,700,300,100,200,100,200,200,200,100,300,100,100,100,100,100,500,100,100
361.0,277.37,55400,15389893.0,277.41,277.37,277.36,277.34,277.22,277.17,277.16,277.13,277.1,277.09,277.77,277.8,277.81,277.84,277.86,277.89,277.9,277.91,277.99,278.01,100,100,700,300,100,200,100,200,200,200,100,300,100,100,100,100,100,500,100,100
362.0,277.41,55500,15417634.0,277.37,277.36,277.34,277.22,277.17,277.16,277.13,277.1,277.09,277.0,277.77,277.8,277.81,277.82,277.84,277.86,277.89,277.9,277.91,277.99,100,700,100,100,200,100,200,200,200,100,100,300,100,100,100,100,100,100,500,100
363.0,277.77,55900,15528742.0,277.37,277.36,277.34,277.22,277.17,277.16,277.13,277.1,277.09,277.0,277.64,277.8,277.81,277.82,277.84,277.86,277.89,277.9,277.91,277.99,100,700,100,100,200,100,200,200,200,100,100,300,100,100,100,100,100,100,500,100
364.0,277.77,55900,15528742.0,277.37,277.36,277.34,277.22,277.17,277.16,277.13,277.1,277.09,277.0,277.64,277.8,277.81,277.82,277.84,277.86,277.89,277.9,277.91,277.99,100,700,100,100,200,100,200,200,200,100,100,300,100,100,100,100,100,100,500,100
365.0,277.36,56100,15584215.0,277.36,277.34,277.22,277.17,277.16,277.13,277.1,277.09,277.0,276.55,277.63,277.64,277.8,277.81,277.84,277.86,277.89,277.9,277.91,277.99,600,100,100,200,100,200,200,200,100,100,100,100,300,100,100,100,100,100,500,100
366.0,277.36,56300,15639687.0,277.36,277.34,277.22,277.17,277.16,277.13,277.1,277.09,277.0,276.55,277.37,277.63,277.64,277.8,277.81,277.84,277.86,277.89,277.9,277.91,300,100,100,200,100,200,200,200,100,100,100,100,100,300,100,100,100,100,100,500
367.0,277.37,56400,15667424.0,277.36,277.34,277.22,277.17,277.16,277.13,277.1,277.09,277.0,276.55,277.63,277.8,277.81,277.84,277.86,277.89,277.9,277.91,277.99,278.01,300,100,100,200,100,200,200,200,100,100,100,300,100,100,100,100,100,500,100,100
368.0,277.37,56400,15667424.0,277.37,277.36,277.34,277.22,277.17,277.16,277.13,277.1,277.09,277.0,277.63,277.8,277.81,277.84,277.86,277.89,277.9,277.91,277.99,278.01,100,300,100,100,200,100,200,200,200,100,100,300,100,100,100,100,100,500,100,100
369.0,277.36,56800,15778369.0,277.34,277.22,277.17,277.16,277.13,277.1,277.09,277.0,276.55,276.54,277.63,277.8,277.81,277.84,277.86,277.89,277.9,277.91,277.99,278.01,100,100,200,100,200,200,200,100,100,100,100,300,100,100,100,100,100,500,100,100
370.0,277.36,56800,15778369.0,277.34,277.22,277.17,277.16,277.13,277.1,277.09,277.0,276.55,276.54,277.63,277.8,277.81,277.84,277.86,277.89,277.9,277.91,277.99,278.01,100,100,200,100,200,200,200,100,100,100,100,300,100,100,100,100,100,500,100,100
371.0,277.36,56800,15778369.0,277.34,277.22,277.17,277.16,277.13,277.1,277.09,277.0,276.55,276.54,277.63,277.8,277.81,277.84,277.86,277.89,277.9,277.91,277.99,278.01,100,100,200,100,200,200,200,100,100,100,100,300,100,100,100,100,100,500,100,100
372.0,277.63,57000,15833872.0,277.63,277.34,277.22,277.17,277.16,277.13,277.1,277.09,277.0,276.55,277.8,277.81,277.84,277.86,277.89,277.9,277.91,277.99,278.01,278.09,100,100,100,200,100,200,200,200,100,100,300,100,100,100,100,100,500,100,100,100
373.0,277.63,57000,15833872.0,277.63,277.34,277.22,277.17,277.16,277.13,277.1,277.09,277.0,276.55,277.8,277.81,277.84,277.86,277.89,277.9,277.91,277.99,278.01,278.09,100,100,100,200,100,200,200,200,100,100,300,100,100,100,100,100,500,100,100,100
374.0,277.63,57000,15833872.0,277.63,277.34,277.22,277.17,277.16,277.13,277.1,277.09,277.0,276.55,277.8,277.81,277.84,277.86,277.89,277.9,277.91,277.99,278.01,278.09,100,100,100,200,100,200,200,200,100,100,300,100,100,100,100,100,500,100,100,100
375.0,277.63,57100,15861635.0,277.36,277.34,277.22,277.17,277.16,277.13,277.1,277.09,277.0,276.55,277.63,277.8,277.81,277.84,277.86,277.89,277.9,277.91,277.99,278.01,100,100,100,200,100,200,200,200,100,100,100,300,100,100,100,100,100,500,100,100
376.0,277.63,57100,15861635.0,277.36,277.34,277.22,277.17,277.16,277.13,277.1,277.09,277.0,276.55,277.63,277.8,277.81,277.84,277.86,277.89,277.9,277.91,277.99,278.01,100,100,100,200,100,200,200,200,100,100,100,300,100,100,100,100,100,500,100,100
377.0,277.63,57100,15861635.0,277.36,277.34,277.22,277.17,277.16,277.13,277.1,277.09,277.0,276.55,277.62,277.63,277.8,277.81,277.84,277.86,277.89,277.9,277.91,277.99,100,100,100,200,100,200,200,200,100,100,100,100,400,100,100,100,100,100,500,100
378.0,277.63,57100,15861635.0,277.36,277.34,277.22,277.17,277.16,277.13,277.1,277.09,277.0,276.55,277.62,277.63,277.8,277.81,277.84,277.86,277.89,277.9,277.91,277.99,100,100,100,200,100,200,200,200,200,100,100,100,400,100,100,100,100,100,500,100
379.0,277.63,57100,15861635.0,277.36,277.34,277.22,277.17,277.16,277.13,277.1,277.09,277.0,276.55,277.62,277.63,277.8,277.81,277.84,277.86,277.89,277.9,277.91,277.99,100,100,100,200,100,200,200,200,200,100,100,100,400,100,100,100,100,100,500,100
380.0,277.63,57100,15861635.0,277.36,277.34,277.22,277.17,277.16,277.13,277.1,277.09,277.0,276.55,277.62,277.63,277.8,277.81,277.84,277.86,277.89,277.9,277.91,277.99,100,100,100,200,100,200,200,200,200,100,100,100,400,100,100,100,100,100,500,100
381.0,277.63,57100,15861635.0,277.36,277.34,277.22,277.17,277.16,277.13,277.1,277.09,277.0,276.55,277.62,277.63,277.8,277.81,277.84,277.86,277.89,277.9,277.91,277.99,200,100,100,200,100,200,200,200,200,100,100,100,400,100,100,100,100,100,500,100
382.0,277.63,57100,15861635.0,277.36,277.34,277.22,277.17,277.16,277.13,277.1,277.09,277.0,276.55,277.62,277.63,277.8,277.81,277.84,277.86,277.89,277.9,277.91,277.99,300,100,100,200,100,200,200,200,200,100,100,100,400,100,100,100,100,100,500,100
383.0,277.63,57100,15861635.0,277.36,277.34,277.22,277.17,277.16,277.13,277.1,277.09,277.0,276.55,277.62,277.63,277.8,277.81,277.84,277.86,277.89,277.9,277.91,277.99,300,100,100,300,100,200,200,200,200,100,100,100,400,100,100,100,100,100,500,100
384.0,277.63,57100,15861635.0,277.36,277.34,277.22,277.17,277.16,277.13,277.1,277.09,277.0,276.55,277.62,277.63,277.8,277.81,277.84,277.86,277.89,277.9,277.91,277.99,300,100,100,300,100,200,200,200,200,100,100,100,400,100,100,100,100,100,500,100
385.0,277.63,57100,15861635.0,277.36,277.34,277.22,277.17,277.16,277.13,277.1,277.09,277.0,276.55,277.62,277.63,277.8,277.81,277.84,277.86,277.89,277.9,277.91,277.99,300,100,100,300,100,200,200,200,200,100,100,100,400,100,100,100,100,100,500,100
386.0,277.63,57100,15861635.0,277.36,277.34,277.22,277.17,277.16,277.13,277.1,277.09,277.0,276.55,277.62,277.63,277.8,277.81,277.84,277.86,277.89,277.9,277.91,277.99,300,100,100,300,100,200,200,200,200,100,100,100,400,100,100,100,100,100,500,100
387.0,277.63,57100,15861635.0,277.36,277.34,277.22,277.17,277.16,277.13,277.1,277.09,277.0,276.55,277.62,277.63,277.8,277.81,277.84,277.86,277.89,277.9,277.91,277.99,300,100,100,300,100,200,200,200,200,100,100,100,400,100,100,100,100,100,500,100
388.0,277.63,57100,15861635.0,277.36,277.34,277.22,277.17,277.16,277.13,277.1,277.09,277.0,276.55,277.62,277.63,277.8,277.81,277.84,277.86,277.89,277.9,277.91,277.99,300,100,100,300,100,200,200,200,200,100,100,100,400,100,100,100,100,100,500,100
389.0,277.63,57100,15861635.0,277.36,277.34,277.22,277.17,277.16,277.13,277.1,277.09,277.0,276.55,277.61,277.62,277.63,277.8,277.81,277.84,277.86,277.89,277.9,277.91,300,100,100,300,100,200,200,200,200,100,100,100,100,400,100,100,100,100,100,500
390.0,277.61,57200,15889396.0,277.36,277.34,277.22,277.17,277.16,277.13,277.1,277.09,277.0,276.55,277.62,277.63,277.8,277.81,277.84,277.86,277.89,277.9,277.91,277.99,300,100,100,300,100,200,200,200,200,100,100,100,400,100,100,100,100,100,500,100
391.0,277.61,57200,15889396.0,277.36,277.34,277.22,277.17,277.16,277.13,277.1,277.09,277.0,276.55,277.62,277.63,277.8,277.81,277.84,277.86,277.89,277.9,277.91,277.99,300,100,100,300,100,200,200,200,200,100,100,100,400,100,100,100,100,100,500,100
392.0,277.62,57300,15917158.0,277.36,277.34,277.22,277.17,277.16,277.13,277.1,277.09,277.0,276.55,277.63,277.8,277.81,277.84,277.86,277.89,277.9,277.91,277.99,278.09,300,100,100,300,100,200,200,200,200,100,100,400,100,100,100,100,100,500,100,100
393.0,277.62,57300,15917158.0,277.36,277.34,277.22,277.17,277.16,277.13,277.1,277.09,277.0,276.8,277.63,277.8,277.81,277.84,277.86,277.89,277.9,277.91,277.99,278.09,300,100,100,300,100,200,200,200,200,100,100,400,100,100,100,100,100,500,100,100
394.0,277.63,57400,15944921.0,277.36,277.34,277.22,277.17,277.16,277.13,277.1,277.09,277.0,276.8,277.8,277.81,277.84,277.86,277.89,277.9,277.91,277.99,278.09,278.1,300,100,100,300,100,200,200,200,200,100,400,100,100,100,100,100,500,100,100,300
395.0,277.63,57400,15944921.0,277.7,277.63,277.36,277.34,277.22,277.17,277.16,277.13,277.1,277.09,277.8,277.81,277.84,277.86,277.89,277.9,277.91,277.99,278.1,278.15,200,300,300,100,100,300,100,200,200,200,400,100,100,100,100,100,500,100,300,100
396.0,277.63,57400,15944921.0,277.7,277.63,277.36,277.34,277.22,277.17,277.16,277.13,277.1,277.09,277.8,277.81,277.84,277.86,277.89,277.9,277.91,277.99,278.1,278.15,200,300,300,100,100,300,100,200,200,200,400,100,100,100,100,100,500,100,300,100
397.0,277.63,57400,15944921.0,277.7,277.63,277.36,277.34,277.22,277.17,277.16,277.13,277.1,277.09,277.8,277.81,277.84,277.86,277.89,277.9,277.91,277.99,278.1,278.22,200,300,300,100,100,300,100,200,200,200,400,100,100,100,100,100,500,100,300,100
398.0,277.63,57400,15944921.0,277.7,277.63,277.36,277.34,277.22,277.17,277.16,277.13,277.1,277.09,277.8,277.81,277.84,277.86,277.89,277.9,277.91,277.99,278.1,278.22,200,200,300,100,100,300,100,200,200,200,400,100,100,100,100,100,500,100,300,100
399.0,277.63,57400,15944921.0,277.7,277.63,277.36,277.34,277.22,277.17,277.16,277.13,277.1,277.09,277.8,277.81,277.84,277.86,277.89,277.9,277.91,277.99,278.1,278.22,200,200,300,100,100,300,100,200,200,200,400,100,100,100,100,100,500,100,300,100
400.0,277.63,57700,16028224.0,277.63,277.36,277.34,277.22,277.17,277.16,277.13,277.1,277.09,277.0,277.8,277.81,277.84,277.86,277.89,277.9,277.91,277.99,278.1,278.22,100,300,100,100,300,100,200,200,200,200,400,100,100,100,100,100,500,100,300,100
401.0,277.8,57800,16056004.0,277.36,277.34,277.22,277.17,277.16,277.13,277.1,277.09,277.0,276.8,277.7,277.8,277.81,277.84,277.86,277.89,277.9,277.91,277.99,278.1,300,100,100,300,100,200,200,200,200,100,200,300,100,100,100,100,100,500,100,300
402.0,277.8,57800,16056004.0,277.62,277.36,277.34,277.22,277.17,277.16,277.13,277.1,277.09,277.0,277.7,277.8,277.81,277.84,277.86,277.89,277.9,277.91,277.99,278.1,100,300,100,100,300,100,200,200,200,200,200,300,100,100,100,100,100,500,100,300
403.0,277.8,57800,16056004.0,277.62,277.36,277.34,277.22,277.17,277.16,277.13,277.1,277.09,277.0,277.7,277.8,277.81,277.84,277.86,277.89,277.9,277.91,277.99,278.1,100,300,100,100,300,100,200,200,200,200,200,300,100,100,100,100,100,500,100,300
404.0,277.62,57900,16083766.0,277.62,277.36,277.34,277.22,277.17,277.16,277.13,277.1,277.09,277.0,277.63,277.69,277.7,277.8,277.81,277.84,277.86,277.89,277.9,277.91,100,300,100,100,300,100,200,200,200,200,100,300,200,300,100,100,100,100,100,200
