LocalTime,LastPrice,TradeVolume,TradeValue,BidPrice1,BidPrice2,BidPrice3,BidPrice4,BidPrice5,BidPrice6,BidPrice7,BidPrice8,BidPrice9,BidPriceA,AskPrice1,AskPrice2,AskPrice3,AskPrice4,AskPrice5,AskPrice6,AskPrice7,AskPrice8,AskPrice9,AskPriceA,BidVolume1,BidVolume2,BidVolume3,BidVolume4,BidVolume5,BidVolume6,BidVolume7,BidVolume8,BidVolume9,BidVolumeA,AskVolume1,AskVolume2,AskVolume3,AskVolume4,AskVolume5,AskVolume6,AskVolume7,AskVolume8,AskVolume9,AskVolumeA
0.0,10.65,9500,101175.0,10.61,10.58,10.56,10.53,10.46,10.34,10.3,10.29,10.2,10.01,10.65,10.66,10.69,10.7,10.78,10.8,10.81,10.84,10.88,10.98,600,4400,600,1700,1000,500,500,500,1300,5000,16500,500,3600,2900,100,9100,3700,2600,500,200
1.0,10.65,27100,288604.0,10.65,10.61,10.58,10.56,10.53,10.46,10.34,10.3,10.29,10.2,10.66,10.69,10.7,10.78,10.8,10.81,10.88,10.98,10.99,11.0,2500,600,4400,600,1700,1000,500,500,500,1300,500,3600,2900,100,9100,3700,500,200,1200,200
2.0,10.65,27100,288604.0,10.65,10.61,10.58,10.56,10.53,10.46,10.34,10.3,10.29,10.2,10.66,10.69,10.7,10.78,10.8,10.81,10.88,10.98,10.99,11.0,2700,600,4400,600,1700,1000,500,500,500,1300,500,3600,2900,600,9100,3700,500,200,1200,200
3.0,10.65,27500,292864.0,10.65,10.61,10.58,10.56,10.53,10.46,10.34,10.3,10.29,10.2,10.66,10.69,10.7,10.78,10.8,10.81,10.88,10.98,10.99,11.0,2300,600,4400,600,1700,1000,500,500,500,1300,500,3600,2900,600,9100,3700,500,200,1200,200
4.0,10.65,27800,296059.0,10.65,10.61,10.58,10.56,10.53,10.46,10.34,10.3,10.29,10.2,10.66,10.69,10.78,10.8,10.81,10.88,10.98,10.99,11.0,11.04,2700,600,4400,600,1700,1000,500,500,500,1300,500,3600,600,9500,3700,500,200,1200,200,3100
5.0,10.65,27800,296059.0,10.65,10.64,10.62,10.61,10.58,10.56,10.53,10.46,10.34,10.3,10.66,10.69,10.78,10.8,10.81,10.88,10.98,10.99,11.0,11.04,2900,600,1300,600,4400,600,1700,1000,500,500,500,6600,600,9500,3700,500,200,1200,200,3100
6.0,10.63,32000,340793.0,10.62,10.61,10.58,10.56,10.53,10.46,10.34,10.3,10.29,10.2,10.65,10.69,10.78,10.8,10.81,10.88,10.98,10.99,11.0,11.04,3500,600,4400,600,1700,1000,500,500,500,1300,400,6600,600,9500,3700,500,200,1200,200,3100
7.0,10.65,32900,350380.0,10.66,10.62,10.61,10.58,10.56,10.53,10.46,10.34,10.3,10.29,10.69,10.78,10.8,10.81,10.88,10.98,10.99,11.0,11.04,11.06,700,3500,600,4400,600,1700,1000,500,500,500,6600,600,9500,3700,500,200,1200,200,3100,800
8.0,10.66,33000,351446.0,10.66,10.62,10.61,10.58,10.56,10.53,10.46,10.34,10.3,10.29,10.69,10.78,10.8,10.81,10.88,10.98,10.99,11.0,11.04,11.06,3600,3500,600,4400,600,1700,1000,500,500,500,6600,600,9500,3700,500,200,1200,200,3100,800
9.0,10.66,35300,375964.0,10.66,10.65,10.62,10.61,10.58,10.56,10.53,10.46,10.34,10.3,10.69,10.78,10.8,10.81,10.88,10.98,10.99,11.0,11.04,11.06,1700,1300,3500,600,4400,600,1700,1000,500,500,6600,600,9500,3700,500,200,1200,15200,3100,800
10.0,10.69,37200,396272.0,10.66,10.65,10.62,10.61,10.58,10.56,10.53,10.46,10.34,10.3,10.69,10.78,10.8,10.81,10.88,10.98,10.99,11.0,11.04,11.06,1600,1300,3500,600,4400,600,1700,1000,500,500,4800,600,9500,3700,500,200,1200,15200,3100,800
11.0,10.69,37400,398410.0,10.66,10.65,10.62,10.61,10.58,10.56,10.53,10.46,10.34,10.3,10.69,10.78,10.8,10.81,10.88,10.98,10.99,11.0,11.04,11.06,1600,1300,3500,600,4400,600,1700,1000,500,500,4600,600,9500,3700,500,200,1200,15200,3100,800
12.0,10.69,40700,433687.0,10.67,10.66,10.65,10.62,10.61,10.58,10.56,10.53,10.46,10.34,10.69,10.78,10.8,10.81,10.88,10.98,10.99,11.0,11.04,11.06,4000,2600,1300,3500,600,4400,600,1700,1000,500,1600,600,9500,3700,500,200,1200,15200,3100,800
13.0,10.69,42400,451860.0,10.7,10.69,10.68,10.67,10.66,10.65,10.62,10.61,10.58,10.56,10.78,10.8,10.81,10.88,10.98,10.99,11.0,11.04,11.06,11.2,500,10800,200,4000,2600,1300,3500,600,4400,600,900,9500,3700,500,200,1200,15200,3100,800,400
14.0,10.69,47100,502108.0,10.71,10.69,10.68,10.67,10.66,10.65,10.62,10.61,10.58,10.56,10.78,10.8,10.81,10.88,10.98,10.99,11.0,11.04,11.06,11.2,200,6700,200,4000,2600,1300,3500,600,4400,600,900,9500,3700,500,200,1200,15200,3100,800,400
15.0,10.69,47100,502108.0,10.71,10.69,10.68,10.67,10.66,10.65,10.62,10.61,10.58,10.56,10.78,10.8,10.81,10.88,10.98,10.99,11.0,11.04,11.06,11.2,200,6700,200,4000,2600,1300,3500,600,4400,600,900,9500,3700,500,200,1200,15200,3100,800,400
16.0,10.69,47100,502108.0,10.71,10.69,10.68,10.67,10.66,10.65,10.62,10.61,10.58,10.56,10.77,10.78,10.8,10.81,10.88,10.98,10.99,11.0,11.04,11.06,200,6700,200,4000,2000,1300,3500,600,4400,600,1600,900,9500,3700,500,200,1200,15200,3100,800
17.0,10.71,47200,503179.0,10.71,10.69,10.68,10.67,10.66,10.65,10.62,10.61,10.58,10.56,10.72,10.77,10.78,10.8,10.81,10.88,10.98,10.99,11.0,11.04,100,6600,200,4000,1500,1200,3500,600,4400,600,800,1600,900,9500,3700,500,200,1200,15200,3100
18.0,10.72,47300,504251.0,10.71,10.69,10.68,10.67,10.66,10.65,10.62,10.61,10.58,10.56,10.72,10.77,10.78,10.8,10.81,10.88,10.98,10.99,11.0,11.04,100,6300,200,4000,1500,1200,3500,600,4400,600,700,1600,900,9500,3700,500,200,1200,15200,3100
19.0,10.72,47300,504251.0,10.71,10.69,10.68,10.67,10.66,10.65,10.62,10.61,10.58,10.56,10.72,10.77,10.78,10.8,10.81,10.88,10.98,10.99,11.0,11.04,100,6300,200,4000,1500,1200,3500,600,4400,600,700,1600,900,9500,3700,500,200,1200,15200,3100
20.0,10.71,47400,505322.0,10.69,10.68,10.67,10.66,10.65,10.62,10.61,10.58,10.56,10.53,10.72,10.77,10.78,10.8,10.81,10.88,10.98,10.99,11.0,11.04,6300,200,4000,1500,1200,3500,600,4400,600,1700,700,1600,900,9500,3700,500,200,1200,15200,3100
21.0,10.71,47400,505322.0,10.69,10.68,10.67,10.66,10.65,10.62,10.61,10.58,10.56,10.53,10.72,10.77,10.78,10.8,10.81,10.88,10.98,10.99,11.0,11.04,6300,200,4000,1500,1200,3500,600,4400,600,1700,700,1600,900,9500,3700,500,200,1200,15200,3100
22.0,10.71,47400,505322.0,10.69,10.67,10.65,10.62,10.61,10.58,10.56,10.53,10.46,10.34,10.72,10.77,10.78,10.8,10.81,10.88,10.98,10.99,11.0,11.04,300,4000,1200,3500,600,4400,600,1700,1000,500,700,1600,1000,9500,3700,500,200,1200,15200,3100
23.0,10.71,47400,505322.0,10.69,10.67,10.65,10.62,10.61,10.58,10.56,10.53,10.46,10.34,10.72,10.77,10.78,10.8,10.81,10.88,10.98,10.99,11.0,11.04,300,4000,1200,3500,600,4400,600,1700,1000,500,700,1600,1000,9500,3700,500,200,1200,15200,3100
24.0,10.71,47400,505322.0,10.69,10.67,10.65,10.62,10.61,10.58,10.56,10.53,10.46,10.34,10.72,10.77,10.78,10.8,10.81,10.88,10.98,10.99,11.0,11.04,200,4000,1200,3500,600,4400,600,1700,1000,500,700,1600,1000,9500,3700,500,200,1200,15200,3100
25.0,10.71,47400,505322.0,10.7,10.69,10.67,10.65,10.62,10.61,10.58,10.56,10.53,10.46,10.72,10.77,10.78,10.8,10.81,10.88,10.98,10.99,11.0,11.04,100,200,4000,1200,3500,600,4400,600,1700,1000,700,1600,1000,9500,3700,500,200,1200,15200,3100
26.0,10.7,47500,506392.0,10.69,10.67,10.65,10.62,10.61,10.58,10.56,10.53,10.46,10.34,10.72,10.77,10.78,10.8,10.81,10.88,10.98,10.99,11.0,11.04,200,4000,1200,3500,600,4400,600,1700,1000,500,700,1600,1000,9500,3700,500,200,1200,15200,3100
27.0,10.7,47500,506392.0,10.69,10.67,10.65,10.62,10.61,10.58,10.56,10.53,10.46,10.34,10.72,10.77,10.78,10.8,10.81,10.88,10.98,10.99,11.0,11.04,200,4000,1200,3500,600,4400,600,1700,1000,500,700,1600,1000,9500,3700,500,200,1200,15200,3100
28.0,10.69,47700,508530.0,10.65,10.62,10.61,10.58,10.56,10.53,10.46,10.34,10.3,10.29,10.69,10.7,10.71,10.72,10.77,10.78,10.8,10.81,10.88,10.98,1200,3500,600,4400,600,1700,1000,500,500,500,2100,200,2000,700,1600,700,9500,3700,500,200
29.0,10.69,47700,508530.0,10.65,10.62,10.61,10.58,10.56,10.53,10.46,10.34,10.3,10.29,10.69,10.7,10.71,10.77,10.78,10.8,10.81,10.88,10.98,10.99,1200,3500,600,4400,600,1700,1000,500,500,500,2300,1600,2000,1600,700,9500,3700,500,200,1200
30.0,10.69,47700,508530.0,10.65,10.62,10.61,10.58,10.56,10.53,10.46,10.34,10.3,10.29,10.69,10.7,10.71,10.77,10.78,10.8,10.81,10.88,10.98,10.99,1200,3500,600,4400,600,1700,1000,500,500,500,2300,1600,2000,1600,700,9500,3700,500,200,1200
31.0,10.65,48200,513871.0,10.65,10.62,10.61,10.58,10.56,10.53,10.46,10.34,10.3,10.29,10.69,10.7,10.71,10.77,10.78,10.8,10.81,10.88,10.98,10.99,2000,3500,600,4400,600,1700,1000,500,500,500,2000,1600,2000,1600,600,9500,3700,500,200,1200
32.0,10.65,48700,519212.0,10.65,10.62,10.61,10.58,10.56,10.53,10.46,10.34,10.3,10.29,10.69,10.7,10.71,10.77,10.78,10.8,10.81,10.88,10.98,10.99,1000,3500,600,4400,600,1700,1000,500,500,500,1600,1600,2000,1600,600,9500,3700,500,200,1200
33.0,10.65,48900,521342.0,10.65,10.62,10.61,10.58,10.56,10.53,10.46,10.34,10.3,10.29,10.69,10.7,10.71,10.77,10.78,10.8,10.81,10.88,10.98,10.99,800,3500,600,4400,600,1700,1000,500,500,500,1600,200,2000,1600,600,9500,3700,500,200,1200
34.0,10.65,49900,531996.0,10.62,10.61,10.58,10.56,10.53,10.46,10.34,10.3,10.29,10.2,10.65,10.69,10.7,10.71,10.77,10.78,10.8,10.81,10.88,10.92,3500,600,4400,600,1700,1000,500,500,500,1300,500,1500,200,2000,1600,600,9500,3700,1000,2000
35.0,10.65,50400,537321.0,10.63,10.62,10.61,10.58,10.56,10.53,10.46,10.34,10.3,10.29,10.69,10.7,10.71,10.77,10.78,10.8,10.81,10.88,10.92,10.98,700,3500,600,4400,600,1700,1000,500,500,500,1600,200,2000,1600,600,9500,3700,1000,2000,200
36.0,10.65,50400,537321.0,10.63,10.62,10.61,10.58,10.56,10.53,10.46,10.34,10.3,10.29,10.64,10.68,10.69,10.7,10.71,10.76,10.77,10.78,10.79,10.8,700,3500,600,4400,600,1700,1000,500,500,500,100,1300,300,200,2000,7200,1600,600,7300,9500
37.0,10.68,51400,547997.0,10.63,10.62,10.61,10.58,10.56,10.53,10.46,10.34,10.3,10.29,10.68,10.69,10.7,10.71,10.74,10.76,10.77,10.78,10.79,10.8,2700,3500,600,4400,600,1700,1000,500,500,500,400,200,200,2000,7400,7200,1600,600,7300,9500
38.0,10.68,51600,550133.0,10.63,10.62,10.61,10.58,10.56,10.53,10.46,10.34,10.3,10.29,10.68,10.69,10.7,10.71,10.74,10.76,10.77,10.78,10.79,10.8,2800,3500,600,4400,600,1700,1000,500,500,500,200,200,200,2000,7400,7200,1600,600,7300,9500
39.0,10.64,51700,551197.0,10.64,10.63,10.62,10.61,10.58,10.56,10.53,10.46,10.34,10.3,10.68,10.69,10.7,10.71,10.74,10.76,10.77,10.78,10.79,10.8,1100,2800,3500,600,4400,600,1700,1000,500,500,200,200,200,2000,7400,7200,1600,600,7300,9500
40.0,10.64,51700,551197.0,10.64,10.63,10.62,10.61,10.58,10.56,10.53,10.46,10.34,10.3,10.68,10.69,10.7,10.71,10.74,10.76,10.77,10.78,10.79,10.8,1100,2900,3500,600,4400,600,1700,1000,500,500,200,200,200,2000,7400,7200,1600,600,7300,9500
41.0,10.64,51800,552261.0,10.64,10.63,10.62,10.61,10.58,10.56,10.53,10.46,10.34,10.3,10.68,10.69,10.7,10.71,10.74,10.76,10.77,10.78,10.79,10.8,1000,2900,3500,600,4400,600,1700,1000,500,500,200,200,200,2000,7400,7200,1600,600,7300,9500
42.0,10.64,51800,552261.0,10.64,10.63,10.62,10.61,10.58,10.56,10.53,10.46,10.34,10.3,10.68,10.69,10.7,10.71,10.74,10.76,10.77,10.78,10.79,10.8,2000,2900,3500,600,4400,600,1700,1000,500,500,200,200,200,2000,7400,7200,1600,600,7300,9500
43.0,10.65,52800,562911.0,10.64,10.63,10.62,10.61,10.58,10.56,10.53,10.46,10.34,10.3,10.65,10.68,10.69,10.7,10.71,10.72,10.74,10.76,10.77,10.78,2000,2900,3500,600,4400,600,1700,1000,500,500,3700,200,200,200,2000,1200,7400,7200,1600,600
44.0,10.65,56500,602316.0,10.65,10.64,10.63,10.62,10.61,10.58,10.56,10.53,10.46,10.34,10.68,10.69,10.7,10.71,10.72,10.74,10.76,10.77,10.78,10.79,700,2000,2900,3500,600,4400,600,1700,1000,500,200,200,200,2000,1200,7400,7200,1600,600,7300
45.0,10.65,56500,602316.0,10.65,10.64,10.63,10.62,10.61,10.58,10.56,10.53,10.46,10.34,10.68,10.69,10.7,10.71,10.72,10.74,10.76,10.77,10.78,10.79,700,2300,2900,3500,600,4400,600,1700,1000,500,200,200,200,2000,1200,7400,7200,1600,600,7300
46.0,10.65,56500,602316.0,10.65,10.64,10.63,10.62,10.61,10.58,10.56,10.53,10.46,10.34,10.68,10.69,10.7,10.71,10.72,10.74,10.76,10.77,10.78,10.79,700,2300,2900,3500,600,4400,600,1700,1000,500,200,200,200,2000,1200,7400,7200,1600,600,7300
47.0,10.65,57200,609771.0,10.64,10.63,10.62,10.61,10.58,10.56,10.53,10.46,10.34,10.3,10.65,10.68,10.69,10.7,10.71,10.72,10.74,10.76,10.77,10.78,2400,2900,3500,600,4400,600,1700,1000,500,500,4000,200,200,200,2000,1200,7400,7200,1600,600
48.0,10.65,58400,622551.0,10.64,10.63,10.62,10.61,10.58,10.56,10.53,10.46,10.34,10.3,10.65,10.68,10.69,10.7,10.71,10.72,10.74,10.76,10.77,10.78,2400,2900,3500,600,4400,600,1700,1000,500,500,2800,200,7100,200,2000,1200,7400,7200,1600,600
49.0,10.65,58600,624681.0,10.64,10.63,10.62,10.61,10.58,10.56,10.53,10.46,10.34,10.3,10.65,10.68,10.69,10.7,10.71,10.72,10.74,10.76,10.77,10.78,2400,2900,3500,600,4400,600,1700,1000,500,500,2600,200,7100,200,2000,1200,7400,7200,1600,600
50.0,10.65,59600,635331.0,10.64,10.63,10.62,10.61,10.58,10.56,10.53,10.46,10.34,10.3,10.65,10.68,10.69,10.7,10.71,10.72,10.74,10.76,10.77,10.78,3900,1600,3500,600,4400,600,1700,1000,500,500,1600,200,7100,200,2000,1200,7400,7200,1600,600
51.0,10.68,61400,654507.0,10.68,10.65,10.64,10.63,10.62,10.61,10.58,10.56,10.53,10.46,10.69,10.7,10.71,10.72,10.74,10.76,10.77,10.78,10.79,10.8,100,8300,3900,1600,3500,600,4400,600,1700,1000,7100,200,2000,1200,7400,7200,1600,600,7300,9500
52.0,10.69,62200,663059.0,10.68,10.65,10.64,10.63,10.62,10.61,10.58,10.56,10.53,10.46,10.69,10.7,10.71,10.72,10.74,10.76,10.77,10.78,10.79,10.8,100,10000,3800,1600,3500,600,4400,600,1700,1000,6300,200,2000,1200,7400,7200,1600,600,7300,9500
53.0,10.68,63200,673740.0,10.65,10.64,10.63,10.62,10.61,10.58,10.56,10.53,10.46,10.34,10.68,10.69,10.7,10.72,10.74,10.76,10.77,10.78,10.79,10.8,11800,2400,1600,3500,600,4400,600,1700,1000,500,2500,5700,200,1200,7400,7200,1600,600,7300,9500
54.0,10.69,68900,734643.0,10.65,10.64,10.63,10.62,10.61,10.58,10.56,10.53,10.46,10.34,10.67,10.68,10.69,10.7,10.72,10.74,10.76,10.77,10.78,10.79,11800,1500,1600,3500,600,4400,600,1700,1000,500,3900,600,3000,200,1200,7400,7200,1600,600,7300
55.0,10.67,69800,744246.0,10.65,10.64,10.63,10.62,10.61,10.58,10.56,10.53,10.46,10.34,10.67,10.68,10.69,10.7,10.74,10.76,10.77,10.78,10.79,10.8,9900,1500,1600,3500,600,4400,600,1700,1000,500,3000,600,3000,200,7400,7200,1600,600,7300,9500
56.0,10.67,70000,746378.0,10.65,10.64,10.63,10.62,10.61,10.58,10.56,10.53,10.46,10.34,10.67,10.68,10.69,10.7,10.74,10.76,10.77,10.78,10.79,10.8,12900,1400,1600,3500,600,4400,600,1700,1000,500,2900,600,3000,200,7400,7200,2100,600,7300,9500
57.0,10.67,70200,748512.0,10.65,10.64,10.63,10.62,10.61,10.58,10.56,10.53,10.46,10.34,10.67,10.68,10.69,10.7,10.76,10.77,10.78,10.79,10.8,10.81,12900,1300,1600,3500,600,4400,600,1700,1000,500,2700,600,3000,200,7200,2100,600,7300,9500,3700
58.0,10.67,72600,774120.0,10.65,10.64,10.63,10.62,10.61,10.58,10.56,10.53,10.46,10.34,10.67,10.68,10.69,10.7,10.76,10.77,10.78,10.79,10.8,10.81,12900,1300,1600,3500,600,4400,600,1700,1000,500,300,600,3000,200,7200,2100,600,7300,9500,3700
59.0,10.67,72900,777321.0,10.67,10.65,10.64,10.63,10.62,10.61,10.58,10.56,10.53,10.46,10.68,10.69,10.7,10.76,10.77,10.78,10.79,10.8,10.81,10.88,600,13300,1300,1600,3500,600,4400,600,1700,1000,600,3000,200,7200,2100,600,7300,9500,3700,1000
60.0,10.67,72900,777321.0,10.67,10.65,10.64,10.63,10.62,10.61,10.58,10.56,10.53,10.46,10.68,10.69,10.7,10.76,10.77,10.78,10.79,10.8,10.81,10.88,600,13300,1300,1600,3500,600,4400,600,1700,1000,600,3000,200,7200,2100,600,7300,9100,3700,1000
61.0,10.67,72900,777321.0,10.67,10.65,10.64,10.63,10.62,10.61,10.58,10.56,10.53,10.46,10.68,10.69,10.7,10.76,10.77,10.78,10.79,10.8,10.81,10.88,600,13300,1300,1600,3500,600,4400,600,1700,1000,600,3000,200,7200,2100,600,7300,9100,3700,1000
62.0,10.67,72900,777321.0,10.67,10.65,10.64,10.63,10.62,10.61,10.58,10.56,10.53,10.46,10.68,10.69,10.7,10.76,10.77,10.78,10.79,10.8,10.81,10.88,3900,11500,1300,1600,3500,600,4400,600,1700,1000,300,3000,200,7200,2100,600,7300,9100,3700,1000
63.0,10.67,72900,777321.0,10.67,10.65,10.64,10.63,10.62,10.61,10.58,10.56,10.53,10.46,10.68,10.69,10.7,10.76,10.77,10.78,10.79,10.8,10.81,10.88,3900,14500,1300,1600,3500,600,4400,600,1700,1000,300,3000,200,7200,2100,600,7300,9100,3700,1000
64.0,10.67,72900,777321.0,10.67,10.65,10.64,10.63,10.62,10.61,10.58,10.56,10.53,10.46,10.68,10.69,10.7,10.76,10.77,10.78,10.79,10.8,10.81,10.88,3900,6600,1300,1600,3500,600,4400,600,1700,1000,300,3000,200,7200,2100,600,7300,9100,3700,1000
65.0,10.68,73500,783726.0,10.68,10.67,10.65,10.64,10.63,10.62,10.61,10.58,10.56,10.53,10.69,10.7,10.76,10.77,10.78,10.79,10.8,10.81,10.88,10.92,4700,3700,5600,1300,1600,6300,600,4400,600,1700,3000,200,7200,2100,600,7300,9100,3700,1000,2000
66.0,10.68,73500,783726.0,10.68,10.67,10.65,10.64,10.63,10.62,10.61,10.58,10.56,10.53,10.69,10.7,10.76,10.77,10.78,10.79,10.8,10.81,10.88,10.92,7000,3700,5600,1300,1600,6300,600,4400,600,1700,3000,200,7200,2100,600,7300,9100,3700,1000,2000
67.0,10.69,76500,815796.0,10.68,10.67,10.65,10.64,10.63,10.62,10.61,10.58,10.56,10.53,10.7,10.76,10.77,10.78,10.79,10.8,10.81,10.88,10.92,10.98,7000,3700,5600,1300,1600,6300,600,4400,600,1700,200,7200,2100,600,7300,9100,3700,1000,2000,200
68.0,10.68,77200,823272.0,10.69,10.68,10.67,10.65,10.64,10.63,10.62,10.61,10.58,10.56,10.7,10.76,10.77,10.78,10.79,10.8,10.81,10.88,10.92,10.98,300,6300,3700,5600,1300,1600,6300,600,4400,600,200,7200,2100,600,7300,9100,3700,1000,2000,200
69.0,10.68,77200,823272.0,10.69,10.68,10.67,10.65,10.64,10.63,10.62,10.61,10.58,10.56,10.7,10.77,10.78,10.79,10.8,10.81,10.88,10.92,10.98,10.99,3100,7200,3700,5600,1300,200,6300,600,4400,600,200,2100,600,7300,9100,3700,1000,2000,200,1200
70.0,10.68,77200,823272.0,10.69,10.68,10.67,10.65,10.64,10.63,10.62,10.61,10.58,10.56,10.7,10.77,10.78,10.79,10.8,10.81,10.85,10.88,10.92,10.98,3100,7200,3700,5600,1300,200,6300,600,4400,600,200,2100,600,7300,9100,3700,7300,1000,2000,200
71.0,10.68,77200,823272.0,10.69,10.68,10.67,10.65,10.64,10.63,10.62,10.61,10.58,10.56,10.7,10.77,10.78,10.79,10.8,10.81,10.85,10.88,10.92,10.98,3100,7200,3200,4500,300,200,6300,600,4400,600,200,2100,600,7300,9100,3700,7300,1000,2000,200
72.0,10.74,78000,831841.0,10.74,10.7,10.69,10.68,10.67,10.65,10.64,10.63,10.62,10.61,10.76,10.77,10.78,10.79,10.8,10.81,10.85,10.88,10.91,10.92,500,400,2800,7200,3200,4300,300,200,6300,600,700,2100,600,7300,9100,3700,7300,1000,7600,2000
73.0,10.7,78900,841497.0,10.7,10.69,10.68,10.67,10.65,10.64,10.63,10.62,10.61,10.58,10.75,10.76,10.77,10.78,10.79,10.8,10.81,10.83,10.85,10.87,2900,4700,7200,3200,3900,300,100,3500,600,4400,1600,200,2100,600,7300,9100,3700,7300,7300,7400
74.0,10.7,80600,859687.0,10.7,10.69,10.68,10.67,10.65,10.64,10.63,10.62,10.61,10.58,10.74,10.75,10.76,10.77,10.78,10.79,10.8,10.81,10.83,10.85,1300,5100,7200,3200,3900,300,100,3500,600,4400,700,900,400,2100,600,7300,9100,3700,7300,7300
75.0,10.75,83000,885475.0,10.7,10.69,10.68,10.67,10.65,10.64,10.63,10.62,10.61,10.58,10.73,10.74,10.76,10.77,10.78,10.79,10.8,10.81,10.83,10.85,1700,5100,7200,3200,900,300,100,3500,600,4400,900,200,400,2100,600,7300,9100,3700,7300,7300
76.0,10.73,83100,886548.0,10.7,10.69,10.68,10.67,10.65,10.64,10.63,10.62,10.61,10.58,10.72,10.73,10.76,10.77,10.78,10.79,10.8,10.81,10.83,10.85,5000,5100,7200,3200,900,300,100,3500,600,4400,900,800,600,2100,600,7300,9100,3700,7300,7300
77.0,10.73,83100,886548.0,10.71,10.7,10.69,10.68,10.67,10.65,10.64,10.63,10.62,10.61,10.72,10.73,10.76,10.77,10.78,10.79,10.8,10.81,10.83,10.85,4200,5700,5100,6100,3200,3700,300,100,3500,600,900,800,600,2100,600,7300,9100,3700,7300,7300
78.0,10.71,83500,890832.0,10.71,10.7,10.69,10.68,10.67,10.65,10.64,10.63,10.62,10.61,10.72,10.73,10.76,10.77,10.78,10.8,10.81,10.83,10.85,10.87,3800,5700,5100,3800,3200,3700,300,100,3500,600,900,800,3600,2100,600,9100,3700,7300,7300,7400
79.0,10.71,83500,890832.0,10.71,10.7,10.69,10.68,10.67,10.65,10.64,10.63,10.62,10.61,10.72,10.73,10.76,10.77,10.78,10.8,10.81,10.83,10.85,10.87,3800,5700,5100,2300,3200,3700,300,100,3500,600,900,800,3600,2100,600,9100,3700,7300,7300,7400
80.0,10.71,83500,890832.0,10.71,10.7,10.69,10.68,10.67,10.65,10.64,10.63,10.62,10.61,10.72,10.73,10.76,10.77,10.78,10.8,10.81,10.83,10.85,10.87,3800,5700,5100,2300,3200,3700,300,100,3500,600,900,800,3500,2100,600,9100,3700,7300,7300,7400
81.0,10.71,83800,894045.0,10.71,10.7,10.69,10.68,10.67,10.65,10.64,10.63,10.62,10.61,10.72,10.73,10.76,10.77,10.78,10.8,10.81,10.83,10.85,10.87,3500,5700,3700,2300,3200,3700,300,100,3500,600,900,800,3500,2100,600,9100,3700,7300,7300,7400
82.0,10.72,84400,900477.0,10.71,10.7,10.69,10.68,10.67,10.65,10.64,10.63,10.62,10.61,10.72,10.73,10.74,10.75,10.76,10.77,10.78,10.8,10.81,10.83,1800,5700,3200,2300,3200,3700,300,100,3500,600,300,2000,2200,1300,3500,2100,600,9100,3700,7300
83.0,10.71,85300,910116.0,10.71,10.7,10.69,10.68,10.67,10.65,10.64,10.63,10.62,10.61,10.72,10.73,10.74,10.75,10.76,10.77,10.78,10.8,10.81,10.83,300,1500,3200,2300,3100,3700,300,100,3500,600,300,1400,2500,1300,3500,2100,600,9100,3700,7300
84.0,10.74,88000,939091.0,10.71,10.7,10.69,10.68,10.67,10.65,10.64,10.63,10.62,10.61,10.74,10.75,10.76,10.77,10.78,10.8,10.81,10.83,10.85,10.87,100,1500,3200,2300,3100,3700,300,100,3500,600,1600,2700,3500,2100,600,9100,3700,7300,7300,7400
85.0,10.74,88000,939091.0,10.71,10.7,10.69,10.68,10.67,10.65,10.64,10.63,10.62,10.61,10.74,10.75,10.76,10.77,10.78,10.8,10.81,10.83,10.85,10.87,100,1500,3300,2300,3100,3700,300,100,3500,600,3000,2700,3500,2100,600,9100,3700,7300,7300,7400
86.0,10.71,88100,940162.0,10.7,10.69,10.68,10.67,10.65,10.64,10.63,10.62,10.61,10.58,10.74,10.75,10.76,10.77,10.78,10.8,10.81,10.83,10.85,10.87,1500,3300,2300,3100,3700,300,100,3500,600,4400,4300,2700,3500,2100,600,9100,3700,7300,7300,7400
87.0,10.7,88500,944442.0,10.71,10.7,10.69,10.68,10.67,10.65,10.64,10.63,10.62,10.61,10.74,10.75,10.76,10.77,10.78,10.8,10.81,10.83,10.85,10.87,200,1100,3200,2300,3100,3700,300,100,3500,600,4300,2700,3500,2100,600,9100,3700,7300,7300,7400
88.0,10.74,89300,953034.0,10.71,10.7,10.69,10.68,10.67,10.65,10.64,10.63,10.62,10.61,10.74,10.75,10.76,10.77,10.78,10.8,10.81,10.83,10.85,10.87,200,1100,3200,2300,3100,3700,300,100,3500,600,3500,2700,3500,2100,600,8700,3700,7300,7300,7400
89.0,10.74,89900,959472.0,10.7,10.69,10.68,10.67,10.65,10.64,10.63,10.62,10.61,10.58,10.74,10.75,10.76,10.77,10.78,10.8,10.81,10.83,10.85,10.87,1100,3100,2300,3100,3700,300,100,3500,600,4400,3100,2700,3500,2100,600,8700,3700,7300,7300,7400
90.0,10.7,90200,962682.0,10.7,10.69,10.68,10.67,10.65,10.64,10.63,10.62,10.61,10.58,10.74,10.75,10.76,10.77,10.78,10.8,10.81,10.83,10.85,10.87,800,3100,2300,3100,3700,300,100,3500,600,4400,3100,2700,3500,2100,600,8700,3700,7300,7300,7400
91.0,10.7,90200,962682.0,10.7,10.69,10.68,10.67,10.65,10.64,10.63,10.62,10.61,10.58,10.74,10.75,10.76,10.77,10.78,10.8,10.81,10.83,10.85,10.87,800,3100,2300,3100,3700,300,100,3500,600,4400,3100,2700,3500,2100,600,8700,3700,7300,7300,7400
92.0,10.7,90700,968048.0,10.7,10.69,10.68,10.67,10.65,10.64,10.63,10.62,10.61,10.58,10.74,10.75,10.76,10.77,10.78,10.8,10.81,10.83,10.85,10.87,700,4700,2300,1500,3700,300,100,3500,600,4400,2700,2700,3500,2100,600,8700,3700,7300,7300,7400
93.0,10.7,90700,968048.0,10.7,10.69,10.68,10.67,10.65,10.64,10.63,10.62,10.61,10.58,10.74,10.75,10.76,10.77,10.78,10.8,10.81,10.83,10.85,10.87,700,4700,2300,1500,3700,300,100,3500,600,4400,2700,3600,3500,2100,600,8700,3700,7300,7300,7400
94.0,10.7,90700,968048.0,10.7,10.69,10.68,10.67,10.65,10.64,10.63,10.62,10.61,10.58,10.74,10.75,10.76,10.77,10.78,10.8,10.81,10.83,10.85,10.87,700,4700,2300,1500,3700,300,100,2400,600,4400,2700,3600,3500,2100,600,8700,3700,7300,7300,7400
95.0,10.74,90800,969122.0,10.7,10.69,10.68,10.67,10.65,10.64,10.63,10.62,10.61,10.58,10.74,10.75,10.76,10.77,10.78,10.8,10.81,10.83,10.85,10.87,700,4700,2300,1500,3700,300,100,2400,600,4400,2600,3600,3500,2100,600,8700,3700,7300,7300,7400
96.0,10.74,90800,969122.0,10.7,10.69,10.68,10.67,10.65,10.64,10.63,10.62,10.61,10.58,10.74,10.75,10.76,10.77,10.78,10.8,10.81,10.83,10.85,10.87,700,4700,2300,1500,3700,300,100,2400,600,4400,2600,2700,3500,1600,600,8700,3700,7300,7300,7400
97.0,10.74,91000,971270.0,10.7,10.69,10.68,10.67,10.65,10.64,10.63,10.62,10.61,10.58,10.74,10.75,10.76,10.77,10.78,10.8,10.81,10.83,10.85,10.87,700,4700,2300,1500,3700,300,100,2400,600,4400,2400,2700,3500,1600,600,8700,3700,7300,7300,7400
98.0,10.7,91100,972340.0,10.7,10.69,10.68,10.67,10.65,10.64,10.63,10.62,10.61,10.58,10.74,10.75,10.76,10.77,10.78,10.8,10.81,10.83,10.85,10.87,600,4700,2300,1500,3700,300,100,2400,600,4400,2400,2700,3500,1600,600,8700,3700,7300,7300,7400
99.0,10.7,91200,973410.0,10.7,10.69,10.68,10.67,10.65,10.64,10.63,10.62,10.61,10.58,10.74,10.75,10.76,10.77,10.78,10.8,10.81,10.83,10.85,10.87,500,4700,2300,1500,3700,300,100,2400,600,4400,2400,2700,3500,1600,600,8700,3700,7300,7300,7400
100.0,10.7,91200,973410.0,10.7,10.69,10.68,10.67,10.65,10.64,10.63,10.62,10.61,10.58,10.74,10.75,10.76,10.77,10.78,10.8,10.81,10.83,10.85,10.87,500,4700,2300,1500,3700,300,100,2400,600,4400,2400,2700,3500,1600,600,8700,3700,7300,7700,7400
101.0,10.7,91200,973410.0,10.7,10.69,10.68,10.67,10.65,10.64,10.63,10.62,10.61,10.58,10.74,10.75,10.76,10.77,10.78,10.8,10.81,10.83,10.85,10.87,500,4700,2300,1500,3700,300,100,2400,600,4400,2400,2700,3500,1600,600,8700,3700,7300,7700,7400
102.0,10.7,91200,973410.0,10.7,10.69,10.68,10.67,10.65,10.64,10.63,10.62,10.61,10.58,10.74,10.75,10.76,10.77,10.78,10.8,10.81,10.83,10.85,10.87,500,4700,2300,1500,3700,300,100,2400,600,4400,2400,2700,3500,1600,600,8700,3700,7300,7700,7400
103.0,10.7,91200,973410.0,10.7,10.69,10.68,10.67,10.65,10.64,10.63,10.62,10.61,10.58,10.74,10.75,10.76,10.77,10.78,10.8,10.81,10.83,10.85,10.87,500,4700,2300,1500,3700,300,100,2400,600,4400,2400,2700,3500,1600,600,8700,3700,7300,7700,7400
104.0,10.74,91400,975558.0,10.7,10.69,10.68,10.67,10.65,10.64,10.63,10.62,10.61,10.58,10.74,10.75,10.76,10.77,10.78,10.8,10.81,10.83,10.85,10.87,500,5000,2300,1500,3700,300,100,2400,600,4400,2200,2700,3500,1600,600,8700,3700,7300,7700,7400
105.0,10.74,91400,975558.0,10.7,10.69,10.68,10.67,10.65,10.64,10.63,10.62,10.61,10.58,10.74,10.75,10.76,10.77,10.78,10.8,10.81,10.83,10.85,10.87,500,5000,2300,1500,3700,300,100,2400,600,4400,2200,2700,3500,1600,600,8700,3700,7300,7700,7400
106.0,10.74,91400,975558.0,10.7,10.69,10.68,10.67,10.65,10.64,10.63,10.62,10.61,10.58,10.74,10.75,10.76,10.77,10.78,10.8,10.81,10.83,10.85,10.87,500,5000,2300,1500,3700,300,100,2400,600,4400,2200,2700,3500,1600,600,8700,3700,7300,7700,7400
107.0,10.74,91400,975558.0,10.7,10.69,10.68,10.67,10.65,10.64,10.63,10.62,10.61,10.58,10.74,10.75,10.76,10.77,10.78,10.8,10.81,10.83,10.85,10.87,500,5000,2300,1500,3700,300,100,2400,600,4400,2200,2700,3500,1600,600,8700,3700,7300,7700,7400
108.0,10.74,91400,975558.0,10.7,10.69,10.68,10.67,10.65,10.64,10.63,10.62,10.61,10.58,10.74,10.75,10.76,10.77,10.78,10.8,10.81,10.83,10.85,10.87,500,5000,2300,1500,3700,300,100,2400,600,4400,2200,2700,3500,1600,600,8700,3700,7300,7700,7400
109.0,10.74,91400,975558.0,10.7,10.69,10.68,10.67,10.65,10.64,10.63,10.62,10.61,10.58,10.74,10.75,10.76,10.77,10.78,10.8,10.81,10.83,10.85,10.87,500,5000,2300,1500,3700,300,100,2400,600,4400,2200,2700,3500,1600,600,8700,3700,7300,7700,7400
110.0,10.74,91400,975558.0,10.7,10.69,10.68,10.67,10.65,10.64,10.63,10.62,10.61,10.58,10.74,10.75,10.76,10.77,10.78,10.8,10.81,10.83,10.85,10.87,500,5000,2300,1500,3700,300,100,2400,600,4400,2200,3300,3500,1600,600,8700,3700,7300,7700,7400
111.0,10.74,91700,978776.0,10.7,10.69,10.68,10.67,10.65,10.64,10.63,10.62,10.61,10.58,10.74,10.75,10.76,10.77,10.78,10.8,10.81,10.83,10.85,10.87,400,5000,2300,1500,3700,300,100,2400,600,4400,2000,3300,3500,1600,600,8700,3700,7300,7700,7400
112.0,10.74,91700,978776.0,10.7,10.69,10.68,10.67,10.65,10.64,10.63,10.62,10.61,10.58,10.74,10.75,10.76,10.77,10.78,10.8,10.81,10.83,10.85,10.87,1500,5000,2300,1500,3700,300,100,2400,600,4400,2000,3300,3500,1600,100,8700,3700,7300,7700,7400
113.0,10.74,91700,978776.0,10.7,10.69,10.68,10.67,10.65,10.64,10.63,10.62,10.61,10.58,10.73,10.74,10.75,10.76,10.77,10.78,10.8,10.81,10.83,10.85,1600,5000,2300,1500,3700,300,100,2400,600,4400,1900,2000,3300,3500,1600,100,8700,3700,7300,7700
114.0,10.7,91800,979846.0,10.7,10.69,10.68,10.67,10.65,10.64,10.63,10.62,10.61,10.58,10.73,10.74,10.75,10.76,10.77,10.78,10.8,10.81,10.83,10.85,1500,5000,2300,1500,3700,300,100,2400,600,4400,1900,2000,3300,3500,1600,100,8700,3700,7300,7700
115.0,10.7,91800,979846.0,10.7,10.69,10.68,10.67,10.65,10.64,10.63,10.62,10.61,10.58,10.73,10.74,10.75,10.76,10.77,10.78,10.8,10.81,10.83,10.85,1500,5000,2300,1500,3700,300,100,2400,600,4400,1900,2000,3300,3500,1600,100,8700,3700,7300,7700
116.0,10.7,91800,979846.0,10.7,10.69,10.68,10.67,10.65,10.64,10.63,10.62,10.61,10.58,10.73,10.74,10.75,10.76,10.77,10.78,10.8,10.81,10.83,10.85,1500,5000,2300,1500,3700,300,100,2400,600,4400,3400,900,3300,3500,1600,100,8700,3700,7300,7700
117.0,10.7,91800,979846.0,10.7,10.69,10.68,10.67,10.65,10.64,10.63,10.62,10.61,10.58,10.73,10.74,10.75,10.76,10.77,10.78,10.8,10.81,10.83,10.85,1500,5000,2300,1500,3700,300,100,2400,600,4400,3400,900,3300,3500,1600,100,8700,3700,7300,7700
118.0,10.73,92200,984135.0,10.7,10.69,10.68,10.67,10.65,10.64,10.63,10.62,10.61,10.58,10.73,10.74,10.75,10.76,10.77,10.78,10.8,10.81,10.83,10.85,1400,5000,2300,1500,3700,300,100,2400,600,4400,3100,900,3300,3500,1600,100,8700,3700,7300,7700
119.0,10.73,92200,984135.0,10.7,10.69,10.68,10.67,10.65,10.64,10.63,10.62,10.61,10.58,10.73,10.74,10.75,10.76,10.77,10.78,10.8,10.81,10.83,10.85,1400,5000,2300,1500,3700,300,100,2400,600,4400,3300,900,3300,3500,1600,100,8700,3700,7300,7700
120.0,10.73,92200,984135.0,10.7,10.69,10.68,10.67,10.65,10.64,10.63,10.62,10.61,10.58,10.72,10.73,10.74,10.75,10.76,10.77,10.78,10.8,10.81,10.83,1400,5000,2300,1500,3700,300,100,2400,600,4400,1000,3300,900,3300,3500,1600,100,8700,3700,7300
121.0,10.7,92300,985205.0,10.7,10.69,10.68,10.67,10.65,10.64,10.63,10.62,10.61,10.58,10.72,10.73,10.74,10.75,10.76,10.77,10.78,10.8,10.81,10.83,1800,5000,2300,1500,3700,300,100,2400,600,4400,1000,3300,900,3300,3500,1600,100,8700,3700,7300
122.0,10.7,92300,985205.0,10.7,10.69,10.68,10.67,10.65,10.64,10.63,10.62,10.61,10.58,10.72,10.73,10.74,10.75,10.76,10.77,10.78,10.8,10.81,10.83,2900,5000,2300,1500,3700,300,100,2400,600,4400,1900,2800,900,3300,3500,1600,100,8700,3700,7300
123.0,10.7,92800,990555.0,10.7,10.69,10.68,10.67,10.65,10.64,10.63,10.62,10.61,10.58,10.72,10.73,10.74,10.75,10.76,10.77,10.78,10.8,10.81,10.83,2400,5000,2300,1500,3700,300,100,2400,600,4400,1900,4800,900,3300,3500,1600,100,8700,3700,7300
124.0,10.7,93000,992695.0,10.7,10.69,10.68,10.67,10.65,10.64,10.63,10.62,10.61,10.58,10.72,10.73,10.74,10.75,10.76,10.77,10.78,10.8,10.81,10.83,2200,5000,2300,1500,3700,300,100,2400,600,4400,1900,4800,900,3300,3500,1600,100,9200,3700,7300
125.0,10.7,93000,992695.0,10.7,10.69,10.68,10.67,10.65,10.64,10.63,10.62,10.61,10.58,10.72,10.73,10.74,10.75,10.76,10.77,10.78,10.8,10.81,10.83,2200,5000,2300,1500,3700,300,100,2400,600,4400,1900,4700,900,3300,3500,1600,100,9200,3700,7300
126.0,10.72,93100,993767.0,10.7,10.69,10.68,10.67,10.65,10.64,10.63,10.62,10.61,10.58,10.72,10.73,10.74,10.75,10.76,10.77,10.78,10.8,10.81,10.83,2200,5000,2300,1500,3700,300,100,2400,600,4400,900,4700,900,3300,3500,1600,100,9200,3700,7300
127.0,10.72,93100,993767.0,10.7,10.69,10.68,10.67,10.65,10.64,10.63,10.62,10.61,10.58,10.72,10.73,10.74,10.75,10.76,10.77,10.78,10.8,10.81,10.83,2200,5000,2300,1500,3700,300,100,2400,600,4400,900,4700,900,3300,3500,1600,100,9200,3700,7300
128.0,10.7,93300,995907.0,10.7,10.69,10.68,10.67,10.65,10.64,10.63,10.62,10.61,10.58,10.72,10.73,10.74,10.75,10.76,10.77,10.78,10.8,10.81,10.83,2000,5000,2300,1500,3700,300,100,2400,600,4400,400,4700,900,3300,3500,1600,100,9200,3700,7300
129.0,10.7,93300,995907.0,10.7,10.69,10.68,10.67,10.65,10.64,10.63,10.62,10.61,10.58,10.72,10.73,10.74,10.75,10.76,10.77,10.78,10.8,10.81,10.83,2000,5000,2300,1500,3700,300,100,2400,600,4400,400,4700,900,3300,3500,1600,100,9200,3700,7300
130.0,10.7,93300,995907.0,10.7,10.69,10.68,10.67,10.65,10.64,10.63,10.62,10.61,10.58,10.72,10.73,10.74,10.75,10.76,10.77,10.78,10.8,10.81,10.83,2000,5000,2300,1500,900,300,100,2400,600,4400,900,4700,900,3300,3500,1600,100,9200,3700,7300
131.0,10.7,96100,1025862.0,10.7,10.69,10.68,10.67,10.65,10.64,10.63,10.62,10.61,10.58,10.71,10.72,10.73,10.74,10.75,10.76,10.77,10.78,10.8,10.81,1300,2900,2300,1500,900,300,100,2400,600,4400,2000,1400,4700,900,3300,3500,1600,100,9200,3700
132.0,10.71,97300,1038714.0,10.7,10.69,10.68,10.67,10.65,10.64,10.63,10.62,10.61,10.58,10.71,10.72,10.73,10.74,10.75,10.76,10.77,10.78,10.8,10.81,1300,2900,2300,1500,900,300,100,2400,600,4400,800,1400,4700,900,3300,3500,1600,100,9200,3700
133.0,10.71,97600,1041927.0,10.7,10.69,10.68,10.67,10.65,10.64,10.63,10.62,10.61,10.58,10.71,10.72,10.73,10.74,10.75,10.76,10.77,10.78,10.8,10.81,1300,2600,2300,1500,900,300,100,2400,600,4400,500,2900,4700,900,3300,3500,1600,100,9200,3700
134.0,10.7,100500,1072957.0,10.69,10.68,10.67,10.65,10.64,10.63,10.62,10.61,10.58,10.56,10.7,10.71,10.72,10.73,10.74,10.75,10.76,10.77,10.78,10.8,2400,2300,300,900,300,100,2400,600,4400,600,900,400,2500,4100,900,3300,3500,1600,100,9200
135.0,10.69,100700,1075095.0,10.69,10.68,10.67,10.65,10.64,10.63,10.62,10.61,10.58,10.56,10.7,10.71,10.72,10.73,10.74,10.75,10.76,10.77,10.78,10.8,2200,2300,300,900,300,100,2400,600,4400,600,900,400,2500,4100,900,3300,3500,1600,100,9200
136.0,10.69,100700,1075095.0,10.69,10.68,10.67,10.65,10.64,10.63,10.62,10.61,10.58,10.56,10.7,10.71,10.72,10.73,10.74,10.75,10.76,10.77,10.78,10.8,2200,2300,300,900,300,100,2400,600,4400,600,900,400,2500,4100,900,3300,3500,1600,100,9200
137.0,10.69,100700,1075095.0,10.69,10.68,10.67,10.65,10.64,10.63,10.62,10.61,10.58,10.56,10.7,10.71,10.72,10.73,10.74,10.75,10.76,10.77,10.78,10.8,2200,2300,300,500,300,100,2400,600,4400,600,900,400,2500,4100,900,3300,3500,1600,100,9200
138.0,10.69,100900,1077233.0,10.69,10.68,10.67,10.65,10.64,10.63,10.62,10.61,10.58,10.56,10.7,10.71,10.72,10.73,10.74,10.75,10.76,10.77,10.78,10.8,2000,2300,300,500,300,100,2400,600,4400,600,900,400,2500,4100,900,3300,3500,1600,100,9200
139.0,10.69,100900,1077233.0,10.69,10.68,10.67,10.65,10.64,10.63,10.62,10.61,10.58,10.56,10.7,10.71,10.72,10.73,10.74,10.75,10.76,10.77,10.78,10.8,2000,2300,300,500,300,100,2400,600,4400,600,900,400,2500,4100,900,3300,3500,1600,100,9200
140.0,10.69,100900,1077233.0,10.69,10.68,10.67,10.65,10.64,10.63,10.62,10.61,10.58,10.56,10.7,10.71,10.72,10.73,10.74,10.75,10.76,10.77,10.78,10.8,2000,2300,300,500,300,100,2400,600,4400,600,900,400,2500,4100,900,3300,3500,1600,100,9200
141.0,10.69,100900,1077233.0,10.69,10.68,10.67,10.65,10.64,10.63,10.62,10.61,10.58,10.56,10.7,10.71,10.72,10.73,10.74,10.75,10.76,10.77,10.78,10.8,2000,2300,300,500,300,100,2400,600,4400,600,900,400,2500,4100,900,3300,3500,1600,1100,9200
142.0,10.69,101100,1079371.0,10.69,10.68,10.67,10.65,10.64,10.63,10.62,10.61,10.58,10.56,10.7,10.71,10.72,10.73,10.74,10.75,10.76,10.77,10.78,10.8,1800,2300,300,500,300,100,2400,600,4400,600,900,400,2500,4100,900,3300,3500,1600,1100,9200
143.0,10.69,101100,1079371.0,10.69,10.68,10.67,10.65,10.64,10.63,10.62,10.61,10.58,10.56,10.7,10.71,10.72,10.73,10.74,10.75,10.76,10.77,10.78,10.8,1800,2900,300,500,300,100,2400,600,4400,600,700,400,2500,4100,900,3300,3500,1600,1100,9200
144.0,10.69,101100,1079371.0,10.69,10.68,10.67,10.65,10.64,10.63,10.62,10.61,10.58,10.56,10.7,10.71,10.72,10.73,10.74,10.75,10.76,10.77,10.78,10.8,1800,2900,300,500,300,100,2400,600,4400,600,700,400,2500,4100,900,3300,3500,1600,1100,9200
145.0,10.69,101200,1080440.0,10.69,10.68,10.67,10.65,10.64,10.63,10.62,10.61,10.58,10.56,10.7,10.71,10.72,10.73,10.74,10.75,10.76,10.77,10.78,10.8,1700,2900,300,500,300,100,2400,600,4400,600,700,1900,2500,4100,900,3300,3500,1600,1100,9200
146.0,10.7,101600,1084717.0,10.69,10.68,10.67,10.65,10.64,10.63,10.62,10.61,10.58,10.56,10.7,10.71,10.72,10.73,10.74,10.75,10.76,10.77,10.78,10.8,1400,2900,300,500,300,100,2400,600,4400,600,600,1900,2500,4100,900,3300,3500,1600,1100,9200
147.0,10.7,101700,1085787.0,10.69,10.68,10.67,10.65,10.64,10.63,10.62,10.61,10.58,10.56,10.7,10.71,10.72,10.73,10.74,10.75,10.76,10.77,10.78,10.8,1400,2900,300,500,300,100,2400,600,4400,600,500,1900,2500,4100,900,3300,3500,1600,1100,9200
148.0,10.7,101700,1085787.0,10.69,10.68,10.67,10.65,10.64,10.63,10.62,10.61,10.58,10.56,10.7,10.71,10.72,10.73,10.74,10.75,10.76,10.77,10.78,10.8,1400,2900,300,500,300,100,2400,600,4400,600,4000,1900,2500,4100,900,3300,3500,1600,1100,9200
149.0,10.69,101800,1086856.0,10.69,10.68,10.67,10.65,10.64,10.63,10.62,10.61,10.58,10.56,10.7,10.71,10.72,10.73,10.74,10.75,10.76,10.77,10.78,10.8,1300,2900,300,500,300,100,2400,600,4400,600,4000,2000,2500,4100,800,3300,3500,1600,1100,9200
150.0,10.69,101800,1086856.0,10.69,10.68,10.67,10.65,10.64,10.63,10.62,10.61,10.58,10.56,10.7,10.71,10.72,10.73,10.74,10.75,10.76,10.77,10.78,10.8,1300,2900,300,500,300,100,2400,600,4400,600,4000,2000,2500,4100,800,3300,3500,1600,1100,9200
151.0,10.69,101800,1086856.0,10.69,10.68,10.67,10.65,10.64,10.63,10.62,10.61,10.58,10.56,10.7,10.71,10.72,10.73,10.74,10.75,10.76,10.77,10.78,10.8,1300,2900,300,500,300,100,2400,600,4400,600,4000,2000,1000,4100,800,3300,3500,1600,1100,9200
152.0,10.69,101900,1087925.0,10.69,10.68,10.67,10.65,10.64,10.63,10.62,10.61,10.58,10.56,10.7,10.71,10.72,10.73,10.74,10.75,10.76,10.77,10.78,10.8,1200,2900,300,500,300,100,2400,600,4400,600,4300,1900,1000,4100,800,3300,3500,1600,1100,9200
153.0,10.69,102400,1093270.0,10.69,10.68,10.67,10.65,10.64,10.63,10.62,10.61,10.58,10.56,10.7,10.71,10.72,10.73,10.74,10.75,10.76,10.77,10.78,10.8,700,2900,300,500,300,100,2400,600,4400,600,4300,1900,1000,4100,800,3300,3500,1600,1100,9200
154.0,10.69,102400,1093270.0,10.69,10.68,10.67,10.65,10.64,10.63,10.62,10.61,10.58,10.56,10.7,10.71,10.72,10.73,10.74,10.75,10.76,10.77,10.78,10.8,700,2900,300,500,300,100,2400,600,4400,600,4300,1900,1000,4100,800,3300,3500,1600,1100,9200
155.0,10.7,102900,1098620.0,10.69,10.68,10.67,10.65,10.64,10.63,10.62,10.61,10.58,10.56,10.7,10.71,10.72,10.73,10.74,10.75,10.76,10.77,10.78,10.8,700,2900,300,500,300,100,2400,600,4400,600,3800,1900,1000,4100,800,3300,3500,1600,1100,9200
156.0,10.7,102900,1098620.0,10.69,10.68,10.67,10.65,10.64,10.63,10.62,10.61,10.58,10.56,10.7,10.71,10.72,10.73,10.74,10.75,10.76,10.77,10.78,10.8,700,2900,300,500,300,100,2400,600,4400,600,3800,1900,1000,4100,800,3300,3500,1600,1100,9200
157.0,10.7,102900,1098620.0,10.69,10.68,10.67,10.65,10.64,10.63,10.62,10.61,10.58,10.56,10.7,10.71,10.72,10.73,10.74,10.75,10.76,10.77,10.78,10.8,700,2900,300,500,300,100,2400,600,4400,600,3800,1900,1000,4100,800,3300,3500,1600,1100,9200
158.0,10.69,103000,1099689.0,10.69,10.68,10.67,10.65,10.64,10.63,10.62,10.61,10.58,10.56,10.7,10.71,10.72,10.73,10.74,10.75,10.76,10.77,10.78,10.8,600,2900,300,500,300,100,2400,600,4400,600,3800,1900,1000,4100,800,3300,3500,1600,1100,9200
159.0,10.69,103000,1099689.0,10.69,10.68,10.67,10.65,10.64,10.63,10.62,10.61,10.58,10.56,10.7,10.71,10.72,10.73,10.74,10.75,10.76,10.77,10.78,10.8,600,2900,300,500,300,100,2400,600,4400,600,3800,1900,1000,4100,800,3300,3500,1600,1100,9200
160.0,10.69,103000,1099689.0,10.69,10.68,10.67,10.65,10.64,10.63,10.62,10.61,10.58,10.56,10.7,10.71,10.72,10.73,10.74,10.75,10.76,10.77,10.78,10.8,600,2900,300,500,300,100,2400,600,4400,600,3800,1900,1000,4100,800,3300,3500,1600,1100,9200
161.0,10.69,103600,1106103.0,10.68,10.67,10.65,10.64,10.63,10.62,10.61,10.58,10.56,10.53,10.69,10.7,10.71,10.72,10.73,10.74,10.75,10.76,10.77,10.78,2900,300,500,300,100,2400,600,4400,600,1700,900,3800,1900,1000,4100,800,3300,3500,1600,1100
162.0,10.68,103800,1108239.0,10.68,10.67,10.65,10.64,10.63,10.62,10.61,10.58,10.56,10.53,10.69,10.7,10.71,10.72,10.73,10.74,10.75,10.76,10.77,10.78,2700,300,500,300,100,2400,600,4400,600,1700,900,3800,1900,1000,4100,800,3300,3500,1600,1100
163.0,10.68,103900,1109307.0,10.68,10.67,10.65,10.64,10.63,10.62,10.61,10.58,10.56,10.53,10.69,10.7,10.71,10.72,10.73,10.74,10.75,10.76,10.77,10.78,2600,300,500,300,100,2400,600,4400,600,1700,900,3800,1900,1000,4100,1800,3300,3500,1600,1100
164.0,10.68,104100,1111443.0,10.68,10.67,10.64,10.63,10.62,10.61,10.58,10.56,10.53,10.5,10.69,10.7,10.71,10.72,10.73,10.74,10.75,10.76,10.77,10.78,2400,300,300,100,2400,600,4400,600,1700,2900,1000,3600,1900,1000,4100,1700,3300,3500,1600,1100
165.0,10.69,105100,1122133.0,10.68,10.67,10.64,10.63,10.62,10.61,10.58,10.56,10.53,10.5,10.7,10.71,10.72,10.73,10.74,10.75,10.76,10.77,10.78,10.8,2400,300,300,100,2400,600,4400,600,1700,2900,3600,1900,1000,4100,1700,3300,3500,1600,1100,9200
166.0,10.68,105300,1124269.0,10.69,10.68,10.67,10.64,10.63,10.62,10.61,10.58,10.56,10.53,10.7,10.71,10.72,10.73,10.74,10.75,10.76,10.77,10.78,10.8,300,2200,300,300,100,2400,600,4400,600,1700,3600,1900,1000,4100,1700,3300,3500,1600,1100,9200
167.0,10.68,105300,1124269.0,10.69,10.68,10.67,10.64,10.63,10.62,10.61,10.58,10.56,10.53,10.7,10.71,10.72,10.73,10.74,10.75,10.76,10.77,10.78,10.8,300,2200,300,300,100,2400,600,4400,600,1700,3600,400,1000,4100,1700,3300,3500,1600,1100,9200
168.0,10.68,105300,1124269.0,10.69,10.68,10.67,10.64,10.63,10.62,10.61,10.58,10.56,10.53,10.7,10.71,10.72,10.73,10.74,10.75,10.76,10.77,10.78,10.8,300,2200,300,300,100,2400,600,4400,600,1700,3600,400,1000,4100,1700,3300,3500,1600,1100,9200
169.0,10.7,105600,1127479.0,10.69,10.68,10.67,10.64,10.63,10.62,10.61,10.58,10.56,10.53,10.7,10.71,10.72,10.73,10.74,10.75,10.76,10.77,10.78,10.8,300,2200,300,300,100,2400,600,4400,600,1700,3300,400,1000,4100,1700,3300,3500,1600,1100,9200
170.0,10.7,105600,1127479.0,10.69,10.68,10.67,10.64,10.63,10.62,10.61,10.58,10.56,10.53,10.7,10.71,10.72,10.73,10.74,10.75,10.76,10.77,10.78,10.8,300,2200,300,300,100,2400,600,4400,600,1700,3300,400,1000,4100,1700,3300,3500,1600,1100,9200
171.0,10.7,105600,1127479.0,10.69,10.68,10.67,10.64,10.63,10.62,10.61,10.58,10.56,10.53,10.7,10.71,10.72,10.73,10.74,10.75,10.76,10.77,10.78,10.8,300,2200,300,300,100,2400,600,4400,600,1700,3300,400,1000,4100,1700,3300,3500,1600,1100,9200
172.0,10.7,105600,1127479.0,10.69,10.68,10.67,10.64,10.63,10.62,10.61,10.58,10.56,10.53,10.7,10.71,10.72,10.73,10.74,10.75,10.76,10.77,10.78,10.8,300,2200,300,300,100,2400,600,4400,600,1700,3300,400,1000,4100,1700,3300,3500,1600,1100,9200
173.0,10.7,105600,1127479.0,10.69,10.68,10.67,10.64,10.63,10.62,10.61,10.58,10.56,10.53,10.7,10.71,10.72,10.73,10.74,10.75,10.76,10.77,10.78,10.8,300,2200,300,300,100,2400,600,4400,600,1700,3300,400,1000,4100,1700,3300,3500,1600,1100,9200
174.0,10.69,105900,1130686.0,10.68,10.67,10.64,10.63,10.62,10.61,10.58,10.56,10.53,10.5,10.69,10.7,10.71,10.72,10.73,10.74,10.75,10.76,10.77,10.78,2200,300,300,100,2400,600,4400,600,1700,2900,1200,3300,400,1000,4100,1700,3300,3500,1600,1100
175.0,10.69,105900,1130686.0,10.68,10.67,10.64,10.63,10.62,10.61,10.58,10.56,10.53,10.5,10.69,10.7,10.71,10.72,10.73,10.74,10.75,10.76,10.77,10.78,2200,300,300,100,2400,600,4400,600,1700,2900,1200,3300,400,1000,4100,1700,3300,3500,1600,1100
176.0,10.68,106100,1132822.0,10.68,10.67,10.64,10.63,10.62,10.61,10.58,10.56,10.53,10.5,10.69,10.7,10.71,10.72,10.73,10.74,10.75,10.76,10.77,10.78,2000,300,300,100,2400,600,4400,600,1700,2900,1200,3300,400,1000,4100,1700,3300,3500,1600,1100
177.0,10.68,108100,1154182.0,10.67,10.64,10.63,10.62,10.61,10.58,10.56,10.53,10.5,10.46,10.68,10.69,10.7,10.71,10.72,10.73,10.74,10.75,10.76,10.77,300,300,100,2400,600,4400,600,1700,2900,1000,1200,1200,3300,400,1000,4100,1700,3300,3500,1600
178.0,10.68,108800,1161658.0,10.67,10.64,10.63,10.62,10.61,10.58,10.56,10.53,10.5,10.46,10.68,10.69,10.7,10.71,10.72,10.73,10.74,10.75,10.76,10.77,300,300,100,2400,600,4400,600,1700,2900,1000,500,1200,3300,400,1000,4100,1700,3300,3500,1600
179.0,10.68,108900,1162726.0,10.67,10.64,10.63,10.62,10.61,10.58,10.56,10.53,10.5,10.46,10.68,10.69,10.7,10.71,10.72,10.73,10.74,10.75,10.76,10.77,700,300,100,2400,600,4400,600,1700,2900,1000,400,1300,3200,400,1000,4100,1700,3300,3500,1600
180.0,10.68,108900,1162726.0,10.67,10.64,10.63,10.62,10.61,10.58,10.56,10.53,10.5,10.46,10.68,10.69,10.7,10.71,10.72,10.73,10.74,10.75,10.76,10.77,700,300,100,2400,600,4400,600,1700,2900,1000,400,1300,3200,400,1000,4100,1700,3300,3500,1600
181.0,10.68,109100,1164861.0,10.67,10.64,10.63,10.62,10.61,10.58,10.56,10.53,10.5,10.46,10.68,10.69,10.7,10.71,10.72,10.73,10.74,10.75,10.76,10.77,600,300,100,2400,600,4400,600,1700,2900,1000,300,1300,3200,400,1000,4100,1700,3300,3500,1600
182.0,10.68,109100,1164861.0,10.67,10.64,10.63,10.62,10.61,10.58,10.56,10.53,10.5,10.46,10.68,10.69,10.7,10.71,10.72,10.73,10.74,10.75,10.76,10.77,200,700,100,2400,600,4400,600,1700,2900,1000,300,1300,3200,400,1000,4100,1700,3300,3500,1600
183.0,10.68,109100,1164861.0,10.67,10.64,10.63,10.62,10.61,10.58,10.56,10.53,10.5,10.46,10.68,10.69,10.7,10.71,10.72,10.73,10.74,10.75,10.76,10.77,200,700,100,2400,600,4400,600,1700,2900,1000,300,1300,3200,400,1000,4100,1700,3300,3500,1600
184.0,10.67,109200,1165928.0,10.67,10.64,10.63,10.62,10.61,10.58,10.56,10.53,10.5,10.46,10.68,10.69,10.7,10.71,10.72,10.73,10.74,10.75,10.76,10.77,100,1100,100,2400,600,4400,600,1700,2900,1000,400,1300,3200,400,1000,4100,1700,3300,3500,1600
185.0,10.67,109200,1165928.0,10.67,10.64,10.63,10.62,10.61,10.58,10.56,10.53,10.5,10.46,10.68,10.69,10.7,10.71,10.72,10.73,10.74,10.75,10.76,10.77,100,1100,100,2400,600,4400,600,1700,2900,1000,400,1300,3200,400,1000,4100,1700,3300,3500,1600
186.0,10.67,109200,1165928.0,10.67,10.64,10.63,10.62,10.61,10.58,10.56,10.53,10.5,10.46,10.68,10.69,10.7,10.71,10.72,10.73,10.74,10.75,10.76,10.77,100,1100,100,2400,600,4400,600,1700,2900,1000,400,1600,3200,400,1000,4100,1700,3300,3500,1600
187.0,10.67,109200,1165928.0,10.67,10.64,10.63,10.62,10.61,10.58,10.56,10.53,10.5,10.46,10.68,10.69,10.7,10.71,10.72,10.73,10.74,10.75,10.76,10.77,100,1100,100,2400,600,4400,600,1700,2900,1000,400,1600,3200,400,1000,4100,1700,3300,3500,1600
188.0,10.67,109200,1165928.0,10.67,10.64,10.63,10.62,10.61,10.58,10.56,10.53,10.5,10.46,10.68,10.69,10.7,10.71,10.72,10.73,10.74,10.75,10.76,10.77,100,1100,100,2400,600,4400,600,1700,2900,1000,700,1500,3200,400,1000,4100,1700,3300,3500,1600
189.0,10.67,109200,1165928.0,10.67,10.64,10.63,10.62,10.61,10.58,10.56,10.53,10.5,10.46,10.68,10.69,10.71,10.72,10.73,10.74,10.75,10.76,10.77,10.78,100,1100,100,2400,600,4400,600,1700,2900,1000,700,1500,400,1000,4100,1700,3300,3500,1600,1100
190.0,10.67,109200,1165928.0,10.67,10.64,10.63,10.62,10.61,10.58,10.56,10.53,10.5,10.46,10.68,10.69,10.71,10.72,10.73,10.74,10.75,10.76,10.77,10.78,100,1100,100,2400,600,4400,600,1700,2900,1000,700,1500,400,1000,4100,1700,3300,3500,1600,1100
191.0,10.67,109200,1165928.0,10.67,10.64,10.63,10.62,10.61,10.58,10.56,10.53,10.5,10.46,10.68,10.69,10.71,10.72,10.73,10.74,10.75,10.76,10.77,10.78,100,1100,100,2400,600,4400,600,1700,2900,1000,1000,1500,400,1000,3900,1700,3300,3500,1600,1100
192.0,10.67,109200,1165928.0,10.67,10.64,10.63,10.62,10.61,10.58,10.56,10.53,10.5,10.46,10.68,10.69,10.71,10.72,10.73,10.74,10.75,10.76,10.77,10.78,100,1100,100,2400,600,4400,600,1700,2900,1000,1000,1500,400,1000,3900,1700,3300,3500,1600,1100
193.0,10.67,109200,1165928.0,10.67,10.64,10.63,10.62,10.61,10.58,10.56,10.53,10.5,10.46,10.68,10.69,10.71,10.72,10.73,10.74,10.75,10.76,10.77,10.78,100,1000,100,1100,600,4400,600,1700,2900,1000,1200,1500,400,1000,3900,1700,3300,3500,1600,1100
194.0,10.67,109200,1165928.0,10.67,10.64,10.63,10.62,10.61,10.58,10.56,10.53,10.5,10.46,10.68,10.69,10.71,10.72,10.73,10.74,10.75,10.76,10.77,10.78,100,500,100,1100,600,4400,600,1700,2900,1000,1500,1200,400,1000,3900,1700,3300,3500,1600,1100
195.0,10.67,109200,1165928.0,10.67,10.64,10.63,10.62,10.61,10.58,10.56,10.53,10.5,10.46,10.68,10.69,10.71,10.72,10.73,10.74,10.75,10.76,10.77,10.78,100,500,100,1100,600,4400,600,1700,2900,1000,1500,1200,400,1000,3900,1700,3300,3500,1600,1100
196.0,10.67,109200,1165928.0,10.67,10.64,10.63,10.62,10.61,10.58,10.56,10.53,10.5,10.46,10.68,10.69,10.71,10.72,10.73,10.74,10.75,10.76,10.77,10.78,100,500,100,1100,600,4400,600,1700,2900,1000,1500,1200,400,1000,3900,1700,3300,3500,1600,1100
197.0,10.67,109300,1166995.0,10.64,10.63,10.62,10.61,10.58,10.56,10.53,10.5,10.46,10.34,10.67,10.68,10.69,10.71,10.72,10.73,10.74,10.75,10.76,10.77,400,500,1100,600,4400,600,1700,2900,1000,500,400,10100,1200,400,1000,3900,1700,3300,3500,1600
198.0,10.67,109300,1166995.0,10.64,10.63,10.62,10.61,10.58,10.56,10.53,10.5,10.46,10.34,10.67,10.68,10.69,10.71,10.72,10.73,10.74,10.75,10.76,10.77,400,500,1100,600,4400,600,1700,2900,1000,500,400,10100,1200,400,1000,3900,1700,3300,3500,1600
199.0,10.64,109400,1168059.0,10.64,10.63,10.62,10.61,10.58,10.56,10.53,10.5,10.46,10.34,10.67,10.68,10.69,10.71,10.72,10.73,10.74,10.75,10.76,10.77,300,500,1100,600,4400,600,1700,2900,1000,500,400,10000,1200,400,1000,3900,1700,3300,3500,1600
200.0,10.58,112300,1198846.0,10.59,10.58,10.56,10.53,10.5,10.46,10.34,10.3,10.29,10.2,10.67,10.68,10.69,10.71,10.72,10.73,10.74,10.75,10.76,10.77,2300,4000,600,1700,2900,1000,500,500,500,1300,1000,9500,1200,400,1000,3900,1700,3300,3500,1600
201.0,10.58,112300,1198846.0,10.6,10.59,10.58,10.56,10.53,10.5,10.46,10.34,10.3,10.29,10.67,10.68,10.69,10.71,10.72,10.73,10.74,10.75,10.76,10.77,2700,2400,4000,600,1700,2900,1000,500,500,500,1600,9500,1200,400,1000,3900,1700,3300,3500,1600
202.0,10.6,112500,1200966.0,10.6,10.59,10.58,10.56,10.53,10.5,10.46,10.34,10.3,10.29,10.67,10.68,10.69,10.71,10.72,10.73,10.74,10.75,10.76,10.77,2500,2400,4000,600,1700,2900,1000,500,500,500,1600,9500,1200,400,1000,3900,1700,3300,3500,1600
203.0,10.66,112600,1202032.0,10.61,10.6,10.59,10.58,10.56,10.53,10.5,10.46,10.34,10.3,10.66,10.67,10.68,10.69,10.71,10.72,10.73,10.74,10.75,10.76,4400,700,2400,4000,600,1700,2900,1000,500,500,300,1800,9400,1200,400,1000,3900,1700,3300,3500
204.0,10.61,113400,1210520.0,10.61,10.6,10.59,10.58,10.56,10.53,10.5,10.46,10.34,10.3,10.66,10.67,10.68,10.69,10.71,10.72,10.73,10.74,10.75,10.76,3600,700,2400,4000,600,1700,2900,1000,500,500,300,1800,9400,1200,400,1000,3900,1700,3300,3500
205.0,10.61,113700,1213703.0,10.61,10.6,10.59,10.58,10.56,10.53,10.5,10.46,10.34,10.3,10.66,10.67,10.68,10.69,10.71,10.72,10.73,10.74,10.75,10.76,3400,700,2400,4000,600,1700,2900,1000,500,500,400,1800,9400,1200,400,1000,3900,1700,3300,3500
206.0,10.66,114100,1217952.0,10.61,10.6,10.59,10.58,10.56,10.53,10.5,10.46,10.34,10.3,10.66,10.67,10.68,10.69,10.71,10.72,10.73,10.74,10.75,10.76,3100,700,2400,4000,600,1700,2900,1000,500,500,900,1300,9400,1200,400,1000,3900,1700,3300,3500
207.0,10.66,114100,1217952.0,10.61,10.6,10.59,10.58,10.56,10.53,10.5,10.46,10.34,10.3,10.66,10.67,10.68,10.69,10.71,10.72,10.73,10.74,10.75,10.76,3100,700,2400,4000,600,1700,2900,1000,500,500,900,1300,9400,1200,400,1000,3900,1700,3300,3500
208.0,10.66,114100,1217952.0,10.61,10.6,10.59,10.58,10.56,10.53,10.5,10.46,10.34,10.3,10.66,10.67,10.68,10.69,10.71,10.72,10.73,10.74,10.75,10.76,3100,700,2400,4000,600,1700,2900,1000,500,500,900,1300,9400,1200,400,1000,3900,1700,3300,3500
209.0,10.61,114400,1221135.0,10.61,10.6,10.59,10.58,10.56,10.53,10.5,10.46,10.34,10.3,10.66,10.67,10.68,10.69,10.71,10.72,10.73,10.74,10.75,10.76,2800,700,2400,4000,600,1700,2900,1000,500,500,900,1200,9400,1200,400,1000,3900,1700,3300,3500
210.0,10.61,114400,1221135.0,10.62,10.61,10.6,10.59,10.58,10.56,10.53,10.5,10.46,10.34,10.66,10.67,10.68,10.69,10.71,10.72,10.73,10.74,10.75,10.76,1300,2800,700,2300,4000,600,1700,2900,1000,500,900,1200,9400,1200,400,1000,3900,1700,3300,3500
211.0,10.61,114400,1221135.0,10.62,10.61,10.6,10.59,10.58,10.56,10.53,10.5,10.46,10.34,10.66,10.67,10.68,10.69,10.71,10.72,10.73,10.74,10.75,10.76,1300,2800,700,2300,4000,600,1700,2900,1000,500,900,1200,9400,1200,400,1000,3900,1700,3300,3500
212.0,10.66,114500,1222201.0,10.62,10.61,10.6,10.59,10.58,10.56,10.53,10.5,10.46,10.34,10.66,10.67,10.68,10.69,10.71,10.72,10.73,10.74,10.75,10.76,1300,2800,700,2300,4000,600,1700,2900,1000,500,800,1000,9400,1200,400,1000,3900,1700,3300,3500
213.0,10.62,114700,1224325.0,10.62,10.61,10.6,10.59,10.58,10.56,10.53,10.5,10.46,10.34,10.66,10.67,10.68,10.69,10.71,10.72,10.73,10.74,10.75,10.76,1100,2800,700,2300,4000,600,1700,2900,1000,500,800,1000,9400,1200,400,1000,3900,1700,3300,3500
214.0,10.62,114700,1224325.0,10.62,10.61,10.6,10.59,10.58,10.56,10.53,10.5,10.46,10.34,10.66,10.67,10.68,10.69,10.71,10.72,10.73,10.74,10.75,10.76,1100,2800,700,2300,4000,600,1700,2900,1000,500,800,1000,9400,1200,400,1000,3900,1700,3300,3500
215.0,10.62,114700,1224325.0,10.62,10.61,10.6,10.59,10.58,10.56,10.53,10.5,10.46,10.34,10.66,10.67,10.68,10.69,10.71,10.72,10.73,10.74,10.75,10.76,1100,2800,700,2300,4000,600,1700,2900,1000,500,800,1000,9400,1200,400,1000,3900,1700,3300,3500
216.0,10.62,114900,1226449.0,10.62,10.61,10.6,10.59,10.58,10.56,10.53,10.5,10.46,10.34,10.66,10.67,10.68,10.69,10.71,10.72,10.73,10.74,10.75,10.76,900,2800,700,2300,4000,600,1700,2900,1000,500,800,1000,9400,1200,400,1000,3900,1700,3300,3500
217.0,10.66,115000,1227515.0,10.62,10.61,10.6,10.59,10.58,10.56,10.53,10.5,10.46,10.34,10.66,10.67,10.68,10.69,10.71,10.72,10.73,10.74,10.75,10.76,900,2800,700,2300,4000,600,1700,2900,1000,500,700,1000,9400,1200,400,1000,3900,1700,3300,3500
218.0,10.66,115100,1228581.0,10.62,10.61,10.6,10.59,10.58,10.56,10.53,10.5,10.46,10.34,10.66,10.67,10.68,10.69,10.71,10.72,10.73,10.74,10.75,10.76,1000,2800,700,2300,4000,600,1700,2900,1000,500,600,1000,9400,1200,400,1000,3900,1700,3300,3500
219.0,10.66,115200,1229647.0,10.62,10.61,10.6,10.59,10.58,10.56,10.53,10.5,10.46,10.34,10.66,10.67,10.68,10.69,10.71,10.72,10.73,10.74,10.75,10.76,1000,2800,700,2300,4000,600,1700,2900,1000,500,500,1000,9400,1200,400,1000,3900,1700,3300,3500
220.0,10.62,115300,1230709.0,10.62,10.61,10.6,10.59,10.58,10.56,10.53,10.5,10.46,10.34,10.66,10.67,10.68,10.69,10.71,10.72,10.73,10.74,10.75,10.76,900,2800,700,2300,4000,600,1700,2900,1000,500,500,1000,9400,1200,400,1000,3900,1700,3300,3500
221.0,10.66,115700,1234973.0,10.62,10.61,10.6,10.59,10.58,10.56,10.53,10.5,10.46,10.34,10.66,10.67,10.68,10.69,10.71,10.72,10.73,10.74,10.75,10.76,1000,2800,700,2300,4000,600,1700,2900,1000,500,100,1000,9400,1200,400,1000,3900,1700,3300,3500
222.0,10.66,115700,1234973.0,10.62,10.61,10.6,10.59,10.58,10.56,10.53,10.5,10.46,10.34,10.65,10.66,10.67,10.68,10.69,10.71,10.72,10.73,10.74,10.75,1000,2800,700,2300,4000,600,1700,2900,1000,500,3900,100,1000,9400,1200,400,1000,3900,1700,3300
223.0,10.66,115700,1234973.0,10.62,10.61,10.6,10.59,10.58,10.56,10.53,10.5,10.46,10.34,10.65,10.66,10.67,10.68,10.69,10.71,10.72,10.73,10.74,10.75,1000,2800,700,2300,4000,600,1700,2900,1000,500,3900,100,1000,9400,1200,400,1000,3900,1700,3300
224.0,10.62,115800,1236035.0,10.62,10.61,10.6,10.59,10.58,10.56,10.53,10.5,10.46,10.34,10.65,10.67,10.68,10.69,10.71,10.72,10.73,10.74,10.75,10.76,1000,2800,700,2300,4000,600,1700,2900,1000,500,4000,1000,9400,1200,400,1000,3900,1700,3300,3500
225.0,10.62,115800,1236035.0,10.62,10.61,10.6,10.59,10.58,10.56,10.53,10.5,10.46,10.34,10.65,10.67,10.68,10.69,10.71,10.72,10.73,10.74,10.75,10.76,1000,2800,700,2300,4000,600,1700,2900,1000,500,4000,1000,9400,1200,400,1000,3900,1700,3300,3500
226.0,10.62,115800,1236035.0,10.62,10.61,10.6,10.59,10.58,10.56,10.53,10.5,10.46,10.34,10.65,10.67,10.68,10.69,10.71,10.72,10.73,10.74,10.75,10.76,1000,2800,700,2300,4000,600,1700,2900,1000,500,4000,1000,9400,1200,400,1000,3900,1700,3300,3500
227.0,10.62,116000,1238159.0,10.62,10.61,10.6,10.59,10.58,10.56,10.53,10.5,10.46,10.34,10.65,10.67,10.68,10.69,10.71,10.72,10.73,10.74,10.75,10.76,700,2800,700,2300,4000,600,1700,2900,1000,500,4000,1000,9400,1200,400,1000,3900,1700,3300,3500
228.0,10.62,116100,1239221.0,10.62,10.61,10.6,10.59,10.58,10.56,10.53,10.5,10.46,10.34,10.65,10.67,10.68,10.69,10.71,10.72,10.73,10.74,10.75,10.76,600,2800,700,2300,4000,600,1700,2900,1000,500,4000,1000,9400,1200,400,1000,3900,1700,3300,3500
229.0,10.62,116100,1239221.0,10.62,10.61,10.6,10.59,10.58,10.56,10.53,10.5,10.46,10.34,10.65,10.67,10.68,10.69,10.71,10.72,10.73,10.74,10.75,10.76,700,2800,700,2300,4000,600,1700,2900,1000,500,6000,1000,9400,1200,400,1000,3900,1700,3300,3500
230.0,10.62,116100,1239221.0,10.62,10.61,10.6,10.59,10.58,10.56,10.53,10.5,10.46,10.34,10.65,10.67,10.68,10.69,10.71,10.72,10.73,10.74,10.75,10.76,700,2800,700,2300,4000,600,1700,2900,1000,500,6000,1000,9400,1200,400,1000,3900,1700,3300,3500
231.0,10.62,116200,1240283.0,10.62,10.61,10.6,10.59,10.58,10.56,10.53,10.5,10.46,10.34,10.65,10.67,10.68,10.69,10.71,10.72,10.73,10.74,10.75,10.76,600,2800,700,2300,4000,600,1700,2900,1000,500,6000,1000,9400,1200,400,1000,3900,1700,3300,3500
232.0,10.62,116200,1240283.0,10.62,10.61,10.6,10.59,10.58,10.56,10.53,10.5,10.46,10.34,10.65,10.67,10.68,10.69,10.71,10.72,10.73,10.74,10.75,10.76,600,2800,700,2300,4000,600,1700,2900,1000,500,6000,1000,9400,1200,400,1000,3900,1700,3300,3500
233.0,10.62,116200,1240283.0,10.62,10.61,10.6,10.59,10.58,10.56,10.53,10.5,10.46,10.34,10.65,10.67,10.68,10.69,10.71,10.72,10.73,10.74,10.75,10.76,600,2800,700,2300,4000,600,1700,2900,1000,500,6000,1000,9400,1200,400,1000,3900,1700,3300,3500
234.0,10.65,116800,1246673.0,10.62,10.61,10.6,10.59,10.58,10.56,10.53,10.5,10.46,10.34,10.65,10.67,10.68,10.69,10.71,10.72,10.73,10.74,10.75,10.76,600,2800,700,2300,4000,600,1700,2900,1000,500,5400,1000,9400,1200,400,1000,3900,1700,3300,3500
235.0,10.65,116800,1246673.0,10.62,10.61,10.6,10.59,10.58,10.56,10.53,10.5,10.46,10.34,10.65,10.67,10.68,10.69,10.71,10.72,10.73,10.74,10.75,10.76,600,2800,700,2300,4000,600,1700,2900,1000,500,5400,1000,9400,1200,400,1000,3900,1700,3300,3500
236.0,10.65,116800,1246673.0,10.62,10.61,10.6,10.59,10.58,10.56,10.53,10.5,10.46,10.34,10.65,10.67,10.68,10.69,10.71,10.72,10.73,10.74,10.75,10.76,600,2800,700,2300,4000,600,1700,2900,1000,500,5400,1000,9400,1200,400,1000,3900,1700,3300,3500
237.0,10.65,116800,1246673.0,10.62,10.61,10.6,10.59,10.58,10.56,10.53,10.5,10.46,10.34,10.65,10.67,10.68,10.69,10.71,10.72,10.73,10.74,10.75,10.76,600,2800,700,2300,4000,600,1700,2900,1000,500,5400,1000,9400,1200,400,1000,3900,1700,3300,3500
238.0,10.65,116800,1246673.0,10.62,10.61,10.6,10.59,10.58,10.56,10.53,10.5,10.46,10.34,10.65,10.67,10.68,10.69,10.71,10.72,10.73,10.74,10.75,10.76,600,2800,700,2300,4000,600,1700,2900,1000,500,5400,1000,9400,1200,400,1000,3900,1700,3300,3500
239.0,10.62,116900,1247735.0,10.62,10.61,10.6,10.59,10.58,10.56,10.53,10.5,10.46,10.34,10.65,10.67,10.68,10.69,10.71,10.72,10.73,10.74,10.75,10.76,500,2800,700,2300,4000,600,1700,2900,1000,500,5400,1000,9400,1200,400,1000,3900,1700,3300,3500
240.0,10.62,116900,1247735.0,10.62,10.61,10.6,10.59,10.58,10.56,10.53,10.5,10.46,10.34,10.65,10.67,10.68,10.69,10.71,10.72,10.73,10.74,10.75,10.76,500,2800,700,2300,4000,600,1700,2900,1000,500,5400,1000,9400,1200,400,1000,3900,1700,3300,3500
241.0,10.65,117400,1253060.0,10.62,10.61,10.6,10.59,10.58,10.56,10.53,10.5,10.46,10.34,10.65,10.66,10.67,10.68,10.69,10.71,10.72,10.73,10.74,10.75,700,2800,700,2300,4000,600,1700,2900,1000,500,4900,500,1000,9400,1200,400,1000,3900,1700,3300
242.0,10.62,118100,1260494.0,10.61,10.6,10.59,10.58,10.56,10.53,10.5,10.46,10.34,10.3,10.62,10.64,10.65,10.66,10.67,10.68,10.69,10.71,10.72,10.73,2800,700,2300,4000,600,1700,2900,1000,500,500,300,1100,4900,500,1000,9200,1200,400,1000,3900
243.0,10.62,118400,1263678.0,10.61,10.6,10.59,10.58,10.56,10.53,10.5,10.46,10.34,10.3,10.62,10.64,10.65,10.66,10.67,10.68,10.69,10.71,10.72,10.73,2600,700,2300,4000,600,1700,2900,1000,500,500,200,1100,4900,500,1000,9200,1200,400,1000,3900
244.0,10.62,118400,1263678.0,10.61,10.6,10.59,10.58,10.56,10.53,10.5,10.46,10.34,10.3,10.62,10.64,10.65,10.66,10.67,10.68,10.69,10.71,10.72,10.73,2600,700,2300,4000,600,1700,2900,1000,500,500,200,1100,4900,500,1000,9200,1200,400,1000,3900
245.0,10.62,118600,1265802.0,10.61,10.6,10.58,10.56,10.53,10.5,10.46,10.34,10.3,10.29,10.62,10.64,10.65,10.66,10.67,10.68,10.69,10.71,10.72,10.73,2600,700,4000,600,1700,2900,1000,500,500,500,800,1200,4800,500,700,9200,1200,400,1000,3700
246.0,10.64,119600,1276426.0,10.62,10.61,10.6,10.58,10.56,10.53,10.5,10.46,10.34,10.3,10.64,10.65,10.66,10.67,10.68,10.69,10.71,10.72,10.73,10.74,200,2600,700,4000,600,1700,2900,1000,500,500,1000,4800,500,700,9200,1200,400,1000,3700,1700
247.0,10.64,119700,1277490.0,10.62,10.61,10.6,10.58,10.56,10.53,10.5,10.46,10.34,10.3,10.64,10.65,10.66,10.67,10.68,10.69,10.71,10.72,10.73,10.74,800,2600,700,4000,600,1700,2900,1000,500,500,900,4800,500,700,9200,1200,400,1000,3700,1700
248.0,10.62,119800,1278552.0,10.62,10.61,10.6,10.58,10.56,10.53,10.5,10.46,10.34,10.3,10.64,10.65,10.66,10.67,10.68,10.69,10.71,10.72,10.73,10.74,700,2600,700,4000,600,1700,2900,1000,500,500,900,4800,500,700,9200,1200,400,1000,3600,1700
249.0,10.62,119800,1278552.0,10.62,10.61,10.6,10.58,10.56,10.53,10.5,10.46,10.34,10.3,10.64,10.65,10.66,10.67,10.68,10.69,10.71,10.72,10.73,10.74,700,2600,700,4000,600,1700,2900,1000,500,500,900,4800,500,700,9200,1200,400,1000,3600,1700
250.0,10.62,119800,1278552.0,10.62,10.61,10.6,10.58,10.56,10.53,10.5,10.46,10.34,10.3,10.64,10.65,10.66,10.67,10.68,10.69,10.71,10.72,10.73,10.74,700,2600,700,4000,600,1700,2900,1000,500,500,900,4800,500,700,9200,1200,400,1000,3600,1700
251.0,10.62,119900,1279614.0,10.62,10.61,10.6,10.58,10.56,10.53,10.5,10.46,10.34,10.3,10.64,10.65,10.66,10.67,10.68,10.69,10.71,10.72,10.73,10.74,600,2600,700,4000,600,1700,2900,1000,500,500,1000,4800,500,700,9200,1200,400,1000,3600,1700
252.0,10.62,119900,1279614.0,10.62,10.61,10.6,10.58,10.56,10.53,10.5,10.46,10.34,10.3,10.64,10.65,10.66,10.67,10.68,10.69,10.71,10.72,10.73,10.74,600,2600,700,4000,600,1700,2900,1000,500,500,1000,4800,500,700,9200,1200,400,1000,3600,1700
253.0,10.62,119900,1279614.0,10.62,10.61,10.6,10.58,10.56,10.53,10.5,10.46,10.34,10.3,10.64,10.65,10.66,10.67,10.68,10.69,10.71,10.72,10.73,10.74,600,2600,700,4000,600,1700,2900,1000,500,500,1100,4800,500,700,9200,1200,400,1000,3600,1700
254.0,10.64,120000,1280678.0,10.62,10.61,10.6,10.58,10.56,10.53,10.5,10.46,10.34,10.3,10.64,10.65,10.66,10.67,10.68,10.69,10.71,10.72,10.73,10.74,500,2600,700,4000,600,1700,2900,1000,500,500,1000,4900,500,700,9200,1200,400,1000,3600,1700
255.0,10.64,120000,1280678.0,10.62,10.61,10.6,10.58,10.56,10.53,10.5,10.46,10.34,10.3,10.64,10.65,10.66,10.67,10.68,10.69,10.71,10.72,10.73,10.74,500,2600,700,4000,600,1700,2900,1000,500,500,1000,4900,500,700,9200,1200,400,1000,3600,1700
256.0,10.64,120000,1280678.0,10.62,10.61,10.6,10.58,10.56,10.53,10.5,10.46,10.34,10.3,10.64,10.65,10.66,10.67,10.68,10.69,10.71,10.72,10.73,10.74,600,2600,700,4000,600,1700,2900,1000,500,500,1000,4900,500,700,9200,1200,400,1000,3600,1700
257.0,10.64,120100,1281742.0,10.62,10.61,10.6,10.58,10.56,10.53,10.5,10.46,10.34,10.3,10.64,10.65,10.66,10.67,10.68,10.69,10.71,10.72,10.73,10.74,600,2600,700,4000,600,1700,2900,1000,500,500,900,4900,500,700,9200,1200,400,1000,3600,1700
258.0,10.64,120100,1281742.0,10.62,10.61,10.6,10.58,10.56,10.53,10.5,10.46,10.34,10.3,10.64,10.65,10.66,10.67,10.68,10.69,10.71,10.72,10.73,10.74,600,2600,700,4000,600,1700,2900,1000,500,500,900,4900,500,700,9200,1200,400,1000,3600,1700
259.0,10.64,120100,1281742.0,10.62,10.61,10.6,10.58,10.56,10.53,10.5,10.46,10.34,10.3,10.64,10.65,10.66,10.67,10.68,10.69,10.71,10.72,10.73,10.74,600,2600,700,4000,600,1700,2900,1000,500,500,900,4900,500,700,9200,1200,400,1000,3600,1700
260.0,10.64,120100,1281742.0,10.62,10.61,10.6,10.58,10.56,10.53,10.5,10.46,10.34,10.3,10.64,10.65,10.66,10.67,10.68,10.69,10.71,10.72,10.73,10.74,600,2600,700,4000,600,1700,2900,1000,500,500,900,4900,500,700,9200,1200,400,1000,3600,1700
261.0,10.64,120100,1281742.0,10.62,10.61,10.6,10.58,10.56,10.53,10.5,10.46,10.34,10.3,10.64,10.65,10.66,10.67,10.68,10.69,10.71,10.72,10.73,10.74,600,2600,700,4000,600,1700,2900,1000,500,500,900,4900,500,700,9200,1200,400,1000,3600,1700
262.0,10.64,120100,1281742.0,10.62,10.61,10.6,10.58,10.56,10.53,10.5,10.46,10.34,10.3,10.64,10.65,10.66,10.67,10.68,10.69,10.71,10.72,10.73,10.74,700,2600,700,4000,600,1700,2900,1000,500,500,900,4900,500,700,9200,1200,400,1000,3600,1700
263.0,10.62,120200,1282804.0,10.62,10.61,10.6,10.58,10.56,10.53,10.5,10.46,10.34,10.3,10.64,10.65,10.66,10.67,10.68,10.69,10.71,10.72,10.73,10.74,600,2600,700,4000,600,1700,2900,1000,500,500,900,4900,500,700,9200,1200,400,1000,3600,1700
264.0,10.62,120200,1282804.0,10.62,10.61,10.6,10.58,10.56,10.53,10.5,10.46,10.34,10.3,10.64,10.65,10.66,10.67,10.68,10.69,10.71,10.72,10.73,10.74,600,2600,700,4000,600,1700,2900,1000,500,500,900,4900,500,700,9200,1200,400,1000,3600,1700
265.0,10.62,120200,1282804.0,10.62,10.61,10.6,10.58,10.56,10.53,10.5,10.46,10.34,10.3,10.64,10.65,10.66,10.67,10.68,10.69,10.71,10.72,10.73,10.74,700,2600,700,4000,600,1700,2900,1000,500,500,900,4900,500,700,9200,1200,400,1000,3600,1700
266.0,10.61,122400,1306153.0,10.61,10.6,10.58,10.56,10.53,10.5,10.46,10.34,10.3,10.29,10.63,10.64,10.65,10.66,10.67,10.68,10.69,10.72,10.73,10.74,1100,700,4000,600,1700,2900,1000,500,500,500,200,900,4900,500,700,9200,1200,500,3600,1700
267.0,10.61,122400,1306153.0,10.61,10.6,10.58,10.56,10.53,10.5,10.46,10.34,10.3,10.29,10.63,10.64,10.65,10.66,10.67,10.68,10.69,10.72,10.73,10.74,1100,700,4000,600,1700,2900,1000,500,500,500,200,900,4900,500,700,9200,1200,500,3600,1700
268.0,10.61,122400,1306153.0,10.61,10.6,10.58,10.56,10.53,10.5,10.46,10.34,10.3,10.29,10.63,10.64,10.65,10.66,10.67,10.68,10.69,10.72,10.73,10.74,1100,700,4000,600,1700,2900,1000,500,500,500,200,900,4900,500,700,9200,1200,500,3600,1700
269.0,10.61,122400,1306153.0,10.61,10.6,10.58,10.56,10.53,10.5,10.46,10.34,10.3,10.29,10.63,10.64,10.65,10.66,10.67,10.68,10.69,10.72,10.73,10.74,1100,700,4000,600,1700,2900,1000,500,500,500,300,800,4900,500,700,9100,1200,500,3600,1700
270.0,10.61,122400,1306153.0,10.61,10.6,10.58,10.56,10.53,10.5,10.46,10.34,10.3,10.29,10.63,10.64,10.65,10.66,10.67,10.68,10.69,10.72,10.73,10.74,1100,700,4000,600,1700,2900,1000,500,500,500,300,800,4900,500,700,9100,1200,500,3600,1700
271.0,10.61,122400,1306153.0,10.61,10.6,10.58,10.56,10.53,10.5,10.46,10.34,10.3,10.29,10.63,10.64,10.65,10.66,10.67,10.68,10.69,10.72,10.73,10.74,1100,700,4000,600,1700,2900,1000,500,500,500,400,800,4900,500,700,9100,1200,500,3600,1700
272.0,10.61,122500,1307214.0,10.61,10.58,10.56,10.53,10.5,10.46,10.34,10.3,10.29,10.2,10.62,10.63,10.64,10.65,10.66,10.67,10.68,10.69,10.72,10.73,1000,4000,600,1700,2900,1000,500,500,500,1300,700,300,800,4900,500,200,9100,1200,500,3600
273.0,10.61,122500,1307214.0,10.61,10.58,10.56,10.53,10.5,10.46,10.34,10.3,10.29,10.2,10.62,10.63,10.64,10.65,10.66,10.67,10.68,10.69,10.72,10.73,1000,4000,600,1700,2900,1000,500,500,500,1300,700,300,800,4900,500,200,9100,1200,500,3600
274.0,10.61,122700,1309336.0,10.61,10.58,10.56,10.53,10.5,10.46,10.34,10.3,10.29,10.2,10.62,10.63,10.64,10.65,10.66,10.67,10.68,10.69,10.72,10.73,900,4000,600,1700,2900,1000,500,500,500,1300,700,300,800,4900,500,200,9100,1200,500,3600
275.0,10.61,122700,1309336.0,10.61,10.58,10.56,10.53,10.5,10.46,10.34,10.3,10.29,10.2,10.62,10.63,10.64,10.65,10.66,10.67,10.68,10.69,10.72,10.73,900,4000,600,1700,2900,1000,500,500,500,1300,800,200,800,4900,500,200,9100,1200,500,3600
276.0,10.61,122900,1311458.0,10.61,10.58,10.56,10.53,10.5,10.46,10.34,10.3,10.29,10.2,10.62,10.63,10.64,10.65,10.66,10.67,10.68,10.69,10.72,10.73,700,4000,600,1700,2900,1000,500,500,500,1300,800,200,800,4900,500,200,9100,1200,500,3600
277.0,10.61,122900,1311458.0,10.61,10.58,10.56,10.53,10.5,10.46,10.34,10.3,10.29,10.2,10.62,10.63,10.64,10.65,10.66,10.67,10.68,10.69,10.72,10.73,700,4000,600,1700,2900,1000,500,500,500,1300,800,200,800,4900,500,200,9100,1200,500,3600
278.0,10.61,122900,1311458.0,10.61,10.58,10.56,10.53,10.5,10.46,10.34,10.3,10.29,10.2,10.62,10.63,10.64,10.65,10.66,10.67,10.68,10.69,10.72,10.73,700,4000,600,1700,2900,1000,500,500,500,1300,800,200,800,4900,500,200,9100,1200,500,3600
279.0,10.61,122900,1311458.0,10.61,10.58,10.56,10.53,10.5,10.46,10.34,10.3,10.29,10.2,10.62,10.63,10.64,10.65,10.66,10.67,10.68,10.69,10.72,10.73,700,4000,600,1700,2900,1000,500,500,500,1300,800,200,800,4900,500,200,9100,1200,500,3600
280.0,10.61,122900,1311458.0,10.61,10.58,10.56,10.53,10.5,10.46,10.34,10.3,10.29,10.2,10.62,10.63,10.64,10.65,10.66,10.67,10.68,10.69,10.72,10.73,700,4000,600,1700,2900,1000,500,500,500,1300,800,200,800,4900,500,200,9100,1200,500,3600
281.0,10.61,122900,1311458.0,10.61,10.58,10.56,10.53,10.5,10.46,10.34,10.3,10.29,10.2,10.62,10.63,10.64,10.65,10.66,10.67,10.68,10.69,10.72,10.73,700,4000,600,1700,2900,1000,500,500,500,1300,800,200,800,4900,500,200,9100,1200,500,3600
282.0,10.61,122900,1311458.0,10.61,10.58,10.56,10.53,10.5,10.46,10.34,10.3,10.29,10.2,10.62,10.63,10.64,10.65,10.66,10.67,10.68,10.69,10.72,10.73,700,4000,600,1700,2900,1000,500,500,500,1300,800,200,800,4900,500,200,9100,1200,500,3600
283.0,10.61,122900,1311458.0,10.61,10.58,10.56,10.53,10.5,10.46,10.34,10.3,10.29,10.2,10.62,10.63,10.64,10.65,10.66,10.67,10.68,10.69,10.72,10.73,700,4000,600,1700,2900,1000,500,500,500,1300,800,200,800,4900,500,200,9100,1200,500,3600
284.0,10.61,122900,1311458.0,10.61,10.58,10.56,10.53,10.5,10.46,10.34,10.3,10.29,10.2,10.62,10.63,10.64,10.65,10.66,10.67,10.68,10.69,10.72,10.73,700,4000,600,1700,2900,1000,500,500,500,1300,800,200,800,4900,500,200,9100,1200,500,3600
285.0,10.61,122900,1311458.0,10.61,10.59,10.58,10.56,10.53,10.5,10.46,10.34,10.3,10.29,10.62,10.63,10.64,10.65,10.66,10.67,10.68,10.69,10.72,10.73,700,1700,4000,600,1700,2900,1000,500,500,500,800,200,800,4900,500,200,9100,1200,500,3600
286.0,10.61,123000,1312519.0,10.61,10.59,10.58,10.56,10.53,10.5,10.46,10.34,10.3,10.29,10.62,10.63,10.64,10.65,10.66,10.67,10.68,10.69,10.72,10.73,600,1700,4000,600,1700,2900,1000,500,500,500,800,200,800,4900,500,200,9100,1200,500,3600
287.0,10.61,123000,1312519.0,10.61,10.59,10.58,10.56,10.53,10.5,10.46,10.34,10.3,10.29,10.62,10.63,10.64,10.65,10.66,10.67,10.68,10.69,10.72,10.73,600,1700,4000,600,1700,2900,1000,500,500,500,800,200,800,4900,500,200,9100,1200,500,3600
288.0,10.61,123000,1312519.0,10.61,10.59,10.58,10.56,10.53,10.5,10.46,10.34,10.3,10.29,10.62,10.63,10.64,10.65,10.66,10.67,10.68,10.69,10.72,10.73,600,1700,4000,600,1700,2900,1000,500,500,500,800,200,800,4900,500,200,9100,1200,500,3600
289.0,10.61,123000,1312519.0,10.61,10.59,10.58,10.56,10.53,10.5,10.46,10.34,10.3,10.29,10.62,10.63,10.64,10.65,10.66,10.67,10.68,10.69,10.72,10.73,600,1700,4000,600,1700,2900,1000,500,500,500,800,200,800,4900,500,200,9100,2400,500,3600
290.0,10.61,123700,1319946.0,10.59,10.58,10.56,10.53,10.5,10.46,10.34,10.3,10.29,10.2,10.61,10.62,10.63,10.64,10.65,10.66,10.67,10.68,10.69,10.72,1900,4000,600,1700,2900,1000,500,500,500,1300,6900,700,100,600,4900,500,200,9100,2400,500
291.0,10.61,124400,1327373.0,10.59,10.58,10.56,10.53,10.5,10.46,10.34,10.3,10.29,10.2,10.61,10.62,10.63,10.64,10.65,10.66,10.67,10.68,10.69,10.72,2000,4000,600,1700,2900,1000,500,500,500,1300,6200,700,100,600,4900,500,200,9100,1200,500
292.0,10.61,124400,1327373.0,10.59,10.58,10.56,10.53,10.5,10.46,10.34,10.3,10.29,10.2,10.61,10.62,10.63,10.64,10.65,10.66,10.67,10.68,10.69,10.72,2000,4000,600,1700,2900,1000,500,500,500,1300,6200,700,100,600,4900,500,200,9100,1200,500
293.0,10.61,124500,1328434.0,10.59,10.58,10.56,10.53,10.5,10.46,10.34,10.3,10.29,10.2,10.61,10.62,10.63,10.64,10.65,10.66,10.67,10.68,10.69,10.72,2000,4000,600,1700,2900,1000,500,500,500,1300,6200,600,100,600,4900,500,200,9100,1200,500
294.0,10.61,125100,1334800.0,10.59,10.58,10.56,10.53,10.5,10.46,10.34,10.3,10.29,10.2,10.61,10.62,10.63,10.64,10.65,10.66,10.67,10.68,10.69,10.72,2000,4000,600,1700,2900,1000,500,500,500,1300,5600,600,100,600,4900,500,200,9100,1200,500
295.0,10.59,125300,1336918.0,10.59,10.58,10.56,10.53,10.5,10.46,10.34,10.3,10.29,10.2,10.61,10.62,10.63,10.64,10.65,10.66,10.67,10.68,10.69,10.72,1800,4000,600,1700,2900,1000,500,500,500,1300,5600,600,100,600,4900,500,200,9100,1200,500
296.0,10.59,125300,1336918.0,10.59,10.58,10.56,10.53,10.5,10.46,10.34,10.3,10.29,10.2,10.61,10.62,10.63,10.64,10.65,10.66,10.67,10.68,10.69,10.72,1800,4000,600,1700,2900,1000,500,500,500,1300,5600,600,100,600,4900,500,200,9100,1200,500
297.0,10.61,125800,1342223.0,10.59,10.58,10.56,10.53,10.5,10.46,10.34,10.3,10.29,10.2,10.61,10.63,10.64,10.65,10.66,10.67,10.68,10.69,10.72,10.73,1800,4000,600,1700,2900,1000,500,500,500,1300,5100,100,600,4900,500,200,9100,1200,500,3600
298.0,10.59,126100,1345400.0,10.59,10.58,10.56,10.53,10.5,10.46,10.34,10.3,10.29,10.2,10.61,10.63,10.64,10.65,10.66,10.67,10.68,10.69,10.72,10.73,1500,4000,600,1700,2900,1000,500,500,500,1300,5100,100,600,4900,500,200,9100,1200,500,3600
299.0,10.59,126100,1345400.0,10.59,10.58,10.56,10.53,10.5,10.46,10.34,10.3,10.29,10.2,10.61,10.63,10.64,10.65,10.66,10.67,10.68,10.69,10.72,10.73,1500,4000,600,1700,2900,1000,500,500,500,1300,5100,100,600,4900,500,200,9100,1200,500,3600
300.0,10.59,126100,1345400.0,10.59,10.58,10.56,10.53,10.5,10.46,10.34,10.3,10.29,10.2,10.61,10.63,10.64,10.65,10.66,10.67,10.68,10.69,10.72,10.73,1500,4000,600,1700,2900,1000,500,500,500,1300,5100,100,600,4900,500,200,9100,1200,500,3600
301.0,10.61,126600,1350705.0,10.6,10.59,10.58,10.56,10.53,10.5,10.46,10.34,10.3,10.29,10.61,10.63,10.64,10.65,10.66,10.67,10.68,10.69,10.72,10.73,1100,1500,4000,600,1700,2900,1000,500,500,500,4600,100,600,4900,500,200,9100,1200,500,3600
302.0,10.6,126700,1351765.0,10.6,10.59,10.58,10.56,10.53,10.5,10.46,10.34,10.3,10.29,10.61,10.63,10.64,10.65,10.66,10.67,10.68,10.69,10.72,10.73,1000,1500,4000,600,1700,2900,1000,500,500,500,4600,100,600,4900,500,200,9100,1200,500,3600
303.0,10.6,126700,1351765.0,10.6,10.59,10.58,10.56,10.53,10.5,10.46,10.34,10.3,10.29,10.61,10.63,10.64,10.65,10.66,10.67,10.68,10.69,10.72,10.73,1000,1500,4000,600,1700,2900,1000,500,500,500,4600,100,600,4900,500,200,9100,1200,500,3600
304.0,10.61,127100,1356009.0,10.6,10.59,10.58,10.56,10.53,10.5,10.46,10.34,10.3,10.29,10.61,10.63,10.64,10.65,10.66,10.67,10.68,10.69,10.72,10.73,1000,1500,4000,600,1700,2900,1000,500,500,500,4200,100,600,4900,500,200,9100,1200,500,3600
305.0,10.61,130300,1389961.0,10.6,10.59,10.58,10.56,10.53,10.5,10.46,10.34,10.3,10.29,10.61,10.63,10.64,10.65,10.66,10.67,10.68,10.69,10.72,10.73,1000,1500,4000,600,1700,2900,1000,500,500,500,900,100,600,4900,500,200,500,1200,500,3600
306.0,10.61,131600,1403754.0,10.61,10.6,10.59,10.58,10.56,10.53,10.5,10.46,10.34,10.3,10.64,10.65,10.66,10.67,10.68,10.69,10.72,10.73,10.74,10.75,1000,1000,1500,4000,600,1700,2900,1000,500,500,700,4900,500,200,500,1200,500,3600,1700,3300
307.0,10.6,134800,1437685.0,10.59,10.58,10.56,10.53,10.5,10.46,10.34,10.3,10.29,10.2,10.6,10.64,10.65,10.66,10.67,10.68,10.69,10.72,10.73,10.74,1500,4000,600,1700,2900,1000,500,500,500,1300,5400,600,2900,500,200,500,1200,500,3600,1700
308.0,10.6,135900,1449345.0,10.59,10.58,10.56,10.53,10.5,10.46,10.34,10.3,10.29,10.2,10.6,10.64,10.65,10.66,10.67,10.68,10.69,10.72,10.73,10.74,1700,4000,600,1700,2900,1000,500,500,500,1300,4500,800,2900,500,200,500,1200,500,3600,1700
309.0,10.6,136800,1458885.0,10.59,10.58,10.56,10.53,10.5,10.46,10.34,10.3,10.29,10.2,10.6,10.64,10.65,10.66,10.67,10.68,10.69,10.72,10.73,10.74,1700,4000,600,1700,2900,1000,500,500,500,1300,3600,800,2900,500,200,500,1200,500,3600,1700
310.0,10.65,141800,1511941.0,10.6,10.59,10.58,10.56,10.53,10.5,10.46,10.34,10.3,10.29,10.63,10.65,10.66,10.67,10.68,10.69,10.72,10.73,10.74,10.75,1900,1600,4000,600,1700,2900,1000,500,500,500,100,2400,500,200,500,1200,500,3600,1700,3300
311.0,10.65,141800,1511941.0,10.61,10.6,10.59,10.58,10.56,10.53,10.5,10.46,10.34,10.3,10.63,10.65,10.66,10.67,10.68,10.69,10.72,10.73,10.74,10.75,1000,10400,1600,4000,600,1700,2900,1000,500,500,100,2400,500,200,500,1200,500,3600,1700,3300
312.0,10.65,141800,1511941.0,10.62,10.61,10.6,10.59,10.58,10.56,10.53,10.5,10.46,10.34,10.65,10.66,10.67,10.68,10.69,10.72,10.73,10.74,10.75,10.76,1700,3900,10400,1600,4000,600,1700,2900,1000,500,2400,500,200,500,1200,500,3600,1700,3300,3500
313.0,10.65,142000,1514071.0,10.62,10.61,10.6,10.59,10.58,10.56,10.53,10.5,10.46,10.34,10.65,10.66,10.67,10.68,10.69,10.72,10.73,10.74,10.75,10.76,1700,3900,10500,1600,4000,600,1700,2900,1000,500,2200,500,200,500,1200,500,3600,1700,3300,3500
314.0,10.65,142000,1514071.0,10.62,10.61,10.6,10.59,10.58,10.56,10.53,10.5,10.46,10.34,10.64,10.65,10.66,10.67,10.68,10.69,10.72,10.73,10.74,10.75,2700,2900,10100,1600,4000,600,1700,2900,1000,500,100,2200,500,200,500,1200,500,3600,1700,3300
315.0,10.65,142000,1514071.0,10.62,10.61,10.6,10.59,10.58,10.56,10.53,10.5,10.46,10.34,10.64,10.65,10.66,10.67,10.68,10.69,10.72,10.73,10.74,10.75,2700,2900,10100,1600,4000,600,1700,2900,1000,500,100,2200,500,200,500,1200,500,3600,1700,3300
316.0,10.65,143700,1532175.0,10.63,10.62,10.61,10.6,10.59,10.58,10.56,10.53,10.5,10.46,10.65,10.66,10.67,10.68,10.69,10.72,10.73,10.74,10.75,10.76,3100,2700,2900,10100,1600,4000,600,1700,2900,1000,600,500,200,500,1900,500,3600,1700,3300,3500
317.0,10.65,144500,1540689.0,10.64,10.63,10.62,10.61,10.6,10.59,10.58,10.56,10.53,10.5,10.65,10.66,10.67,10.68,10.69,10.72,10.73,10.74,10.75,10.76,1000,2800,1700,2900,9500,1100,4000,600,1700,2900,100,500,200,500,1900,500,3600,1700,3300,3500
318.0,10.65,144500,1540689.0,10.64,10.63,10.62,10.61,10.6,10.59,10.58,10.56,10.53,10.5,10.65,10.66,10.67,10.68,10.69,10.72,10.73,10.74,10.75,10.76,2900,2800,1700,2900,9500,1100,4000,600,1700,2900,100,500,200,500,1900,500,3600,1700,3300,3500
319.0,10.65,144500,1540689.0,10.64,10.63,10.62,10.61,10.6,10.59,10.58,10.56,10.53,10.5,10.65,10.66,10.67,10.68,10.69,10.72,10.73,10.74,10.75,10.76,2900,2800,1700,2900,9500,1100,4000,600,1700,2900,100,500,200,2500,1900,500,3600,1700,3300,3500
320.0,10.64,144700,1542817.0,10.64,10.63,10.62,10.61,10.6,10.59,10.58,10.56,10.53,10.5,10.65,10.66,10.67,10.68,10.69,10.72,10.73,10.74,10.75,10.76,2700,2800,1700,2900,9500,1100,4000,600,1700,2900,300,500,200,2500,2000,500,3600,1700,3300,3500
321.0,10.7,151800,1618671.0,10.65,10.64,10.63,10.62,10.61,10.6,10.59,10.58,10.56,10.53,10.7,10.71,10.72,10.73,10.74,10.75,10.76,10.77,10.78,10.79,3100,2700,2800,1700,2900,9500,1100,4000,600,1700,4500,900,4900,3600,1700,3300,3500,5100,1100,15000
322.0,10.67,152300,1624004.0,10.67,10.65,10.64,10.63,10.62,10.61,10.6,10.59,10.58,10.56,10.69,10.7,10.71,10.72,10.73,10.74,10.75,10.76,10.77,10.78,2200,3100,2700,2800,1700,2900,9400,1100,4000,600,500,4800,900,4900,2000,1700,3300,3500,5100,1100
323.0,10.67,152400,1625071.0,10.67,10.65,10.64,10.63,10.62,10.61,10.6,10.59,10.58,10.56,10.69,10.7,10.72,10.73,10.74,10.75,10.76,10.77,10.78,10.79,2100,3100,2700,2800,1700,2900,9400,1100,4000,600,500,4800,4900,2000,1700,3300,3500,5100,1100,15000
324.0,10.67,152400,1625071.0,10.67,10.65,10.64,10.63,10.62,10.61,10.6,10.59,10.58,10.56,10.69,10.7,10.72,10.73,10.74,10.75,10.76,10.77,10.78,10.79,2100,3100,2700,2800,1700,2900,9400,1100,4000,600,500,4800,4900,2000,1700,3300,3500,5100,1100,15000
325.0,10.69,152700,1628274.0,10.68,10.67,10.65,10.64,10.63,10.62,10.61,10.6,10.59,10.58,10.7,10.72,10.73,10.74,10.75,10.76,10.77,10.78,10.79,10.8,100,1900,3100,2700,2800,1700,2900,9400,1100,4000,4800,4900,2000,1700,3300,3500,5100,1100,15000,7100
326.0,10.68,153200,1633622.0,10.67,10.65,10.64,10.63,10.62,10.61,10.6,10.59,10.58,10.56,10.68,10.69,10.7,10.72,10.73,10.74,10.75,10.76,10.77,10.78,1900,3100,2700,2800,1700,2900,9400,1100,4000,600,100,500,4400,4900,2000,1700,3300,3500,5100,1100
327.0,10.68,153200,1633622.0,10.67,10.65,10.64,10.63,10.62,10.61,10.6,10.59,10.58,10.56,10.68,10.69,10.7,10.72,10.73,10.74,10.75,10.76,10.77,10.78,1900,3100,2700,2800,1700,2900,9400,1100,4000,600,100,500,4400,4900,2000,1700,3300,3500,5100,1100
328.0,10.68,153200,1633622.0,10.67,10.65,10.64,10.63,10.62,10.61,10.6,10.59,10.58,10.56,10.68,10.69,10.7,10.72,10.73,10.74,10.75,10.76,10.77,10.78,1900,3100,2700,2800,1700,2900,9400,1100,4000,600,100,500,4400,4900,2000,1700,3300,3500,5100,1100
329.0,10.68,153200,1633622.0,10.67,10.65,10.64,10.63,10.62,10.61,10.6,10.59,10.58,10.56,10.68,10.7,10.72,10.73,10.74,10.75,10.76,10.77,10.78,10.79,1900,3100,2700,2800,1700,2900,9400,1100,4000,600,100,4400,4900,2000,1700,3300,3500,5100,1100,15000
330.0,10.68,153200,1633622.0,10.67,10.65,10.64,10.63,10.62,10.61,10.6,10.59,10.58,10.56,10.68,10.7,10.72,10.73,10.74,10.75,10.76,10.77,10.78,10.79,1900,3100,2700,2800,1700,2900,9400,1100,4000,600,100,4400,4900,2000,1700,3300,3500,5100,1100,15000
331.0,10.68,153200,1633622.0,10.67,10.65,10.64,10.63,10.62,10.61,10.6,10.59,10.58,10.56,10.68,10.7,10.72,10.73,10.74,10.75,10.76,10.77,10.78,10.79,1900,3100,2700,2800,1700,2900,9400,1100,4000,600,100,4400,4900,2000,1700,3300,3500,5100,1100,15000
332.0,10.67,153300,1634689.0,10.67,10.65,10.64,10.63,10.62,10.61,10.6,10.59,10.58,10.56,10.68,10.7,10.72,10.73,10.74,10.75,10.76,10.77,10.78,10.79,1800,3100,2700,2800,1700,2900,9400,1100,4000,600,100,4400,4900,2000,1700,3300,3500,5100,1100,15000
333.0,10.67,153300,1634689.0,10.67,10.65,10.64,10.63,10.62,10.61,10.6,10.59,10.58,10.56,10.68,10.7,10.72,10.73,10.74,10.75,10.76,10.77,10.78,10.79,1800,3100,2700,2800,1700,2900,9400,1100,4000,600,100,4400,4900,2000,1700,3300,3500,5100,1100,15000
334.0,10.67,153300,1634689.0,10.67,10.65,10.64,10.63,10.62,10.61,10.6,10.59,10.58,10.56,10.68,10.7,10.72,10.73,10.74,10.75,10.76,10.77,10.78,10.79,1800,3100,2700,2800,1700,2900,9400,1100,4000,600,100,4400,4900,2000,1700,3300,3500,1600,1100,15000
335.0,10.67,153300,1634689.0,10.67,10.65,10.64,10.63,10.62,10.61,10.6,10.59,10.58,10.56,10.68,10.7,10.72,10.73,10.74,10.75,10.76,10.77,10.78,10.79,2700,3100,1900,2800,1700,2900,9400,1100,4000,600,100,4400,4900,2000,1700,3300,3500,1600,1100,15000
336.0,10.68,153400,1635757.0,10.67,10.65,10.64,10.63,10.62,10.61,10.6,10.59,10.58,10.56,10.7,10.71,10.72,10.73,10.74,10.75,10.76,10.77,10.78,10.79,2700,3100,1900,2800,1700,2900,9400,1100,4000,600,4400,100,4900,2000,1700,3300,3500,1600,1100,15000
337.0,10.65,157300,1677349.0,10.65,10.64,10.63,10.61,10.6,10.59,10.58,10.56,10.53,10.5,10.66,10.7,10.71,10.72,10.73,10.74,10.75,10.76,10.77,10.78,2000,1900,2800,2900,9400,1100,4000,600,1700,2900,200,4400,1400,4900,2000,1700,3300,3500,1600,1100
338.0,10.65,157300,1677349.0,10.65,10.64,10.63,10.61,10.6,10.59,10.58,10.56,10.53,10.5,10.66,10.68,10.7,10.71,10.72,10.73,10.74,10.75,10.76,10.77,2000,1900,2800,2900,9400,1100,4000,600,1700,2900,200,300,4400,1400,4900,2000,1700,3300,3500,1600
339.0,10.65,157500,1679479.0,10.65,10.64,10.63,10.61,10.6,10.59,10.58,10.56,10.53,10.5,10.66,10.68,10.7,10.71,10.72,10.73,10.74,10.75,10.76,10.77,1800,1900,2800,2900,9400,1100,4000,600,1700,2900,200,300,4400,1400,4900,2000,1700,3300,3500,1600
340.0,10.65,157500,1679479.0,10.65,10.64,10.63,10.61,10.6,10.59,10.58,10.56,10.53,10.5,10.66,10.68,10.7,10.71,10.72,10.73,10.74,10.75,10.76,10.77,1800,1900,2800,2900,9400,1100,4000,600,1700,2900,200,300,4400,1400,4900,2000,1700,3300,3500,1600
341.0,10.66,157600,1680545.0,10.65,10.64,10.63,10.61,10.6,10.59,10.58,10.56,10.53,10.5,10.68,10.7,10.71,10.72,10.73,10.74,10.75,10.76,10.77,10.78,1800,1900,2800,2900,9400,1100,4000,600,1700,2900,1800,4400,1400,4900,2000,1700,3300,3500,1600,1100
342.0,10.66,157600,1680545.0,10.65,10.64,10.63,10.61,10.6,10.59,10.58,10.56,10.53,10.5,10.68,10.7,10.71,10.72,10.73,10.74,10.75,10.76,10.77,10.78,1800,1900,2800,2900,9400,1100,4000,600,1700,2900,1800,4400,1400,4900,2000,1700,3300,3500,1600,1100
343.0,10.66,157600,1680545.0,10.65,10.64,10.63,10.61,10.6,10.59,10.58,10.56,10.53,10.5,10.66,10.68,10.7,10.71,10.72,10.73,10.74,10.75,10.76,10.77,1800,1900,2800,2900,9400,1100,4000,600,1700,2900,100,1800,4400,1400,4900,2000,1700,3300,3500,1600
344.0,10.66,157600,1680545.0,10.65,10.64,10.63,10.61,10.6,10.59,10.58,10.56,10.53,10.5,10.66,10.68,10.7,10.71,10.72,10.73,10.74,10.75,10.76,10.77,1800,1900,2800,2900,9400,1100,4000,600,1700,2900,100,1500,4400,1400,4900,2000,1700,3300,3500,1600
345.0,10.66,157600,1680545.0,10.65,10.64,10.63,10.61,10.6,10.59,10.58,10.56,10.53,10.5,10.66,10.68,10.7,10.71,10.72,10.73,10.74,10.75,10.76,10.77,1800,1900,2800,2900,9400,1100,4000,600,1700,2900,100,1500,4400,1400,4900,2000,1700,3300,3500,1600
346.0,10.65,157700,1681610.0,10.65,10.64,10.63,10.61,10.6,10.59,10.58,10.56,10.53,10.5,10.66,10.68,10.7,10.71,10.72,10.73,10.74,10.75,10.76,10.77,100,1900,2800,2900,9400,1100,4000,600,1700,2900,200,1500,4400,4300,4900,2000,1700,3300,3500,1600
347.0,10.65,157700,1681610.0,10.65,10.64,10.63,10.61,10.6,10.59,10.58,10.56,10.53,10.5,10.66,10.68,10.7,10.71,10.72,10.73,10.74,10.75,10.76,10.77,100,1900,2800,2900,9400,1100,4000,600,1700,2900,200,1500,4400,4300,4900,2000,1700,3300,3500,1600
348.0,10.65,157700,1681610.0,10.65,10.64,10.63,10.61,10.6,10.59,10.58,10.56,10.53,10.5,10.66,10.68,10.7,10.71,10.72,10.73,10.74,10.75,10.76,10.77,100,1900,2800,2900,9400,1100,4000,600,1700,2900,100,1500,4400,4300,4900,2000,1700,3300,3500,1600
349.0,10.65,157700,1681610.0,10.65,10.64,10.63,10.61,10.6,10.59,10.58,10.56,10.53,10.5,10.66,10.68,10.7,10.71,10.72,10.73,10.74,10.75,10.76,10.77,100,1900,2800,2900,9400,1100,4000,600,1700,2900,100,1500,4400,4300,4900,2000,1700,3300,3500,1600
350.0,10.65,157700,1681610.0,10.65,10.64,10.63,10.61,10.6,10.59,10.58,10.56,10.53,10.5,10.66,10.68,10.7,10.71,10.72,10.73,10.74,10.75,10.76,10.77,100,1900,2800,2900,9400,1100,4000,600,1700,2900,100,1500,4400,4300,4900,2000,1700,3300,3500,1600
351.0,10.65,157700,1681610.0,10.65,10.64,10.63,10.61,10.6,10.59,10.58,10.56,10.53,10.5,10.66,10.68,10.7,10.71,10.72,10.73,10.74,10.75,10.76,10.77,100,1900,2800,2900,9400,1100,4000,600,1700,2900,100,1500,4400,4300,4900,2000,1700,3300,3500,1600
352.0,10.65,157700,1681610.0,10.65,10.64,10.63,10.61,10.6,10.59,10.58,10.56,10.53,10.5,10.66,10.68,10.7,10.71,10.72,10.73,10.74,10.75,10.76,10.77,100,1900,2800,2900,9400,1100,4000,600,1700,2900,100,1500,4400,4300,4900,2000,1700,3300,3500,1600
353.0,10.65,157700,1681610.0,10.65,10.64,10.63,10.61,10.6,10.59,10.58,10.56,10.53,10.5,10.66,10.68,10.7,10.71,10.72,10.73,10.74,10.75,10.76,10.77,100,1900,2800,2900,9400,1100,4000,600,1700,2900,100,1500,4400,4300,4900,2000,1700,3300,3500,1600
354.0,10.65,157700,1681610.0,10.65,10.64,10.63,10.62,10.61,10.6,10.59,10.58,10.56,10.53,10.66,10.68,10.7,10.71,10.72,10.73,10.74,10.75,10.76,10.77,100,2000,2800,800,2900,9400,1100,4000,600,1700,100,1500,4400,4300,4900,2000,1700,3300,3500,1600
355.0,10.66,157800,1682676.0,10.65,10.64,10.63,10.62,10.61,10.6,10.59,10.58,10.56,10.53,10.7,10.71,10.72,10.73,10.74,10.75,10.76,10.77,10.78,10.79,100,2000,2800,800,5400,9400,1100,4000,600,1700,8100,4500,4900,2000,1700,3300,3500,1600,1100,15000
356.0,10.7,160200,1708356.0,10.65,10.64,10.63,10.62,10.61,10.6,10.59,10.58,10.56,10.53,10.7,10.71,10.72,10.73,10.74,10.75,10.76,10.77,10.78,10.79,600,2000,2800,800,5400,9400,1100,4000,600,1700,6200,4500,4900,2000,1700,3300,3500,1600,1100,15000
357.0,10.7,160200,1708356.0,10.66,10.65,10.64,10.63,10.62,10.61,10.6,10.59,10.58,10.56,10.69,10.7,10.71,10.72,10.73,10.74,10.75,10.76,10.77,10.78,200,600,2000,2800,800,5400,9400,1100,4000,600,400,6200,4500,4900,2000,1700,3300,3500,1600,1100
358.0,10.7,160200,1708356.0,10.66,10.65,10.64,10.63,10.62,10.61,10.6,10.59,10.58,10.56,10.69,10.7,10.71,10.72,10.73,10.74,10.75,10.76,10.77,10.78,200,600,2000,2800,800,5400,9400,1100,4000,600,400,7500,4500,4900,2000,1700,3300,3500,1600,1100
359.0,10.65,160600,1712619.0,10.65,10.64,10.63,10.62,10.61,10.6,10.59,10.58,10.56,10.53,10.66,10.69,10.7,10.71,10.72,10.73,10.74,10.75,10.76,10.77,500,1900,2800,800,5400,2900,1100,4000,600,1700,1400,600,7500,4300,4900,2000,1700,3300,3500,1600
360.0,10.66,160700,1713685.0,10.65,10.64,10.63,10.62,10.61,10.6,10.59,10.58,10.56,10.53,10.66,10.69,10.7,10.71,10.72,10.73,10.74,10.75,10.76,10.77,500,1900,2800,800,5400,2900,1100,4000,600,1700,1300,600,7500,4300,4900,2000,1700,3300,3500,1600
361.0,10.66,160700,1713685.0,10.65,10.64,10.63,10.62,10.61,10.6,10.59,10.58,10.56,10.53,10.66,10.69,10.7,10.71,10.72,10.73,10.74,10.75,10.76,10.77,500,1900,2800,800,5400,2900,1100,4000,600,1700,1300,600,7500,4300,4900,2000,1700,3300,3500,1600
362.0,10.66,160800,1714751.0,10.65,10.64,10.63,10.62,10.61,10.6,10.59,10.58,10.56,10.53,10.66,10.69,10.7,10.71,10.72,10.73,10.74,10.75,10.76,10.77,500,1900,2800,800,5400,2900,1100,4000,600,1700,1200,200,7500,4300,4900,2000,1700,3300,3500,1600
363.0,10.66,160900,1715817.0,10.65,10.64,10.63,10.62,10.61,10.6,10.59,10.58,10.56,10.53,10.66,10.69,10.7,10.71,10.72,10.73,10.74,10.75,10.76,10.77,500,2000,2800,800,5400,2900,1100,4000,600,1700,1100,200,7500,4300,4900,2000,1700,3300,3500,1600
364.0,10.66,160900,1715817.0,10.65,10.64,10.63,10.62,10.61,10.6,10.59,10.58,10.56,10.53,10.66,10.69,10.7,10.71,10.72,10.73,10.74,10.75,10.76,10.77,500,2000,2800,800,5400,2900,1100,4000,600,1700,1100,200,7500,3000,4900,2000,1700,3300,3500,1600
365.0,10.66,160900,1715817.0,10.65,10.64,10.63,10.62,10.61,10.6,10.59,10.58,10.56,10.53,10.66,10.69,10.7,10.71,10.72,10.73,10.74,10.75,10.76,10.77,500,2000,2800,800,5400,2900,1100,4000,600,1700,1100,200,7500,3000,4900,2000,1700,3300,3500,1600
366.0,10.66,161000,1716883.0,10.65,10.64,10.63,10.62,10.61,10.6,10.59,10.58,10.56,10.53,10.66,10.69,10.7,10.71,10.72,10.73,10.74,10.75,10.76,10.77,500,2000,2800,800,5400,2900,1100,4000,600,1700,1000,200,7500,3000,4900,2000,1700,3300,3500,1600
367.0,10.66,161300,1720081.0,10.65,10.64,10.63,10.62,10.61,10.6,10.59,10.58,10.56,10.53,10.66,10.69,10.7,10.71,10.72,10.73,10.74,10.75,10.76,10.77,500,2100,2800,800,5400,2900,1100,4000,600,1700,700,200,7500,3000,4900,2000,1700,3300,3500,1600
368.0,10.66,161300,1720081.0,10.65,10.64,10.63,10.62,10.61,10.6,10.59,10.58,10.56,10.53,10.66,10.69,10.7,10.71,10.72,10.73,10.74,10.75,10.76,10.77,500,2100,2800,800,5400,2900,1100,4000,600,1700,700,200,7500,3000,4900,2000,1700,3300,3500,1600
369.0,10.66,161300,1720081.0,10.65,10.64,10.63,10.62,10.61,10.6,10.59,10.58,10.56,10.53,10.66,10.69,10.7,10.71,10.72,10.73,10.74,10.75,10.76,10.77,500,2100,2800,800,5400,2900,1100,4000,600,1700,700,200,7500,3000,4900,2000,1700,3300,3500,1600
370.0,10.66,161300,1720081.0,10.65,10.64,10.63,10.62,10.61,10.6,10.59,10.58,10.56,10.53,10.66,10.69,10.7,10.71,10.72,10.73,10.74,10.75,10.76,10.77,500,2100,2800,800,5400,2900,1100,4000,600,1700,700,200,7500,3000,4900,2000,1700,3300,3500,1600
371.0,10.66,161300,1720081.0,10.65,10.64,10.63,10.62,10.61,10.6,10.59,10.58,10.56,10.53,10.66,10.69,10.7,10.71,10.72,10.73,10.74,10.75,10.76,10.77,500,2100,2800,800,5400,2900,1100,4000,600,1700,700,200,7500,3000,4900,2000,1700,3300,3500,1600
372.0,10.66,161300,1720081.0,10.65,10.64,10.62,10.61,10.6,10.59,10.58,10.56,10.53,10.5,10.66,10.69,10.7,10.71,10.72,10.73,10.74,10.75,10.76,10.77,500,2100,800,5400,2900,1100,4000,600,1700,2900,4200,200,7500,3000,4900,2000,1700,3300,3500,1600
373.0,10.64,164300,1752014.0,10.62,10.61,10.6,10.59,10.58,10.56,10.53,10.5,10.46,10.34,10.64,10.65,10.66,10.69,10.7,10.71,10.72,10.73,10.74,10.75,800,5400,2900,1100,4000,600,1700,2900,1000,500,200,1800,3800,200,7500,3000,500,2000,1700,3300
374.0,10.64,164300,1752014.0,10.62,10.61,10.6,10.59,10.58,10.56,10.53,10.5,10.46,10.34,10.64,10.65,10.66,10.69,10.7,10.71,10.72,10.73,10.74,10.75,800,5400,2900,1100,4000,600,1700,2900,1000,500,600,1800,3500,200,7500,3000,500,2000,1700,3300
375.0,10.64,164300,1752014.0,10.62,10.61,10.6,10.59,10.58,10.56,10.53,10.5,10.46,10.34,10.64,10.65,10.66,10.69,10.7,10.71,10.72,10.73,10.74,10.75,800,5400,2900,1100,4000,600,1700,2900,1000,500,600,1800,3500,200,7500,3000,500,2000,1700,3300
376.0,10.64,164300,1752014.0,10.62,10.61,10.6,10.59,10.58,10.56,10.53,10.5,10.46,10.34,10.64,10.65,10.66,10.69,10.7,10.71,10.72,10.73,10.74,10.75,800,5400,2900,1100,4000,600,1700,2900,1000,500,600,300,3500,200,7500,3000,500,2000,1700,3300
377.0,10.64,164300,1752014.0,10.62,10.61,10.6,10.59,10.58,10.56,10.53,10.5,10.46,10.34,10.64,10.65,10.66,10.69,10.7,10.71,10.72,10.73,10.74,10.75,800,5400,2900,1100,4000,600,1700,2900,1000,500,600,300,3500,200,7500,3000,500,2000,1700,3300
378.0,10.64,164300,1752014.0,10.62,10.61,10.6,10.59,10.58,10.56,10.53,10.5,10.46,10.34,10.64,10.65,10.66,10.69,10.7,10.71,10.72,10.73,10.74,10.75,800,5400,2900,1100,4000,600,1700,2900,1000,500,600,300,3500,200,7500,3000,500,2000,1700,3300
379.0,10.64,164400,1753078.0,10.62,10.61,10.6,10.59,10.58,10.56,10.53,10.5,10.46,10.34,10.63,10.64,10.65,10.66,10.69,10.7,10.71,10.72,10.73,10.74,800,5400,2900,1100,4000,600,1700,2900,1000,500,1100,500,300,3500,200,7500,3000,500,2000,1700
380.0,10.64,164400,1753078.0,10.62,10.61,10.6,10.59,10.58,10.56,10.53,10.5,10.46,10.34,10.63,10.64,10.65,10.66,10.69,10.7,10.71,10.72,10.73,10.74,800,5400,2900,1100,4000,600,1700,2900,1000,500,1100,500,300,3500,200,7500,3000,500,2000,1700
381.0,10.64,164400,1753078.0,10.62,10.61,10.6,10.59,10.58,10.56,10.53,10.5,10.46,10.34,10.63,10.64,10.65,10.66,10.69,10.7,10.71,10.72,10.73,10.74,800,5400,2900,1100,4000,600,1700,2900,1000,500,1100,500,300,3500,200,7500,3000,500,2000,1700
382.0,10.64,164400,1753078.0,10.62,10.61,10.6,10.59,10.58,10.56,10.53,10.5,10.46,10.34,10.63,10.64,10.65,10.66,10.69,10.7,10.71,10.72,10.73,10.74,800,5400,2900,1100,4000,600,1700,2900,1000,500,1100,500,300,3500,200,7500,3000,500,2000,1700
383.0,10.63,164500,1754141.0,10.62,10.61,10.6,10.59,10.58,10.56,10.53,10.5,10.46,10.34,10.63,10.64,10.65,10.66,10.69,10.7,10.71,10.72,10.73,10.74,800,5400,2900,1100,4000,600,1700,2900,1000,500,1000,500,300,3500,200,7500,3000,500,2000,1700
384.0,10.63,164500,1754141.0,10.62,10.61,10.6,10.59,10.58,10.56,10.53,10.5,10.46,10.34,10.63,10.64,10.65,10.66,10.69,10.7,10.71,10.72,10.73,10.74,800,5400,2900,1100,4000,600,1700,2900,1000,500,1000,100,300,3500,200,7500,3000,500,2000,1700
385.0,10.63,164500,1754141.0,10.62,10.61,10.6,10.59,10.58,10.56,10.53,10.5,10.46,10.34,10.63,10.64,10.65,10.66,10.69,10.7,10.71,10.72,10.73,10.74,800,5400,2900,1100,4000,600,1700,2900,1000,500,1000,100,300,3500,200,7500,3000,500,2000,1700
386.0,10.63,164600,1755204.0,10.62,10.61,10.6,10.59,10.58,10.56,10.53,10.5,10.46,10.34,10.63,10.64,10.65,10.66,10.69,10.7,10.71,10.72,10.73,10.74,800,5400,2900,1100,4000,600,1700,2900,1000,500,900,100,300,3500,200,7500,3000,500,2000,1700
387.0,10.63,164600,1755204.0,10.62,10.61,10.6,10.59,10.58,10.56,10.53,10.5,10.46,10.34,10.63,10.64,10.65,10.66,10.69,10.7,10.71,10.72,10.73,10.74,800,5400,2900,1100,4000,600,1700,2900,1000,500,900,100,300,3500,200,7500,3000,500,2000,1700
388.0,10.63,164600,1755204.0,10.62,10.61,10.6,10.59,10.58,10.56,10.53,10.5,10.46,10.34,10.63,10.64,10.65,10.66,10.69,10.7,10.71,10.72,10.73,10.74,800,5400,2900,1100,4000,600,1700,2900,1000,500,900,100,300,3500,200,7500,3000,500,2000,1700
389.0,10.63,164600,1755204.0,10.62,10.61,10.6,10.59,10.58,10.56,10.53,10.5,10.46,10.34,10.63,10.64,10.65,10.66,10.69,10.7,10.71,10.72,10.73,10.74,800,5400,2900,1100,4000,600,1700,2900,1000,500,900,100,300,3500,200,7500,3000,500,2000,1700
390.0,10.63,164700,1756267.0,10.62,10.61,10.6,10.59,10.58,10.56,10.53,10.5,10.46,10.34,10.63,10.64,10.65,10.66,10.69,10.7,10.71,10.72,10.73,10.74,800,5400,2900,1100,4000,600,1700,2900,1000,500,800,100,300,3500,200,7500,3000,500,2000,1700
391.0,10.62,165500,1764763.0,10.61,10.6,10.59,10.58,10.56,10.53,10.5,10.46,10.34,10.3,10.62,10.63,10.64,10.65,10.66,10.69,10.7,10.71,10.72,10.73,5400,2900,1100,4000,600,1700,2900,1000,500,500,900,800,100,100,3500,200,7500,3000,500,2000
392.0,10.62,165500,1764763.0,10.61,10.6,10.59,10.58,10.56,10.53,10.5,10.46,10.34,10.3,10.62,10.63,10.64,10.65,10.66,10.69,10.7,10.71,10.72,10.73,5400,2900,1100,4000,600,1700,2900,1000,500,500,900,800,100,100,3500,200,7500,3000,500,2000
393.0,10.62,165500,1764763.0,10.61,10.6,10.59,10.58,10.56,10.53,10.5,10.46,10.34,10.3,10.62,10.63,10.64,10.65,10.66,10.69,10.7,10.71,10.72,10.73,5400,2900,1100,4000,600,1700,2900,1000,500,500,900,800,100,100,3500,200,7500,3000,500,2000
394.0,10.61,166900,1779617.0,10.61,10.6,10.59,10.58,10.56,10.53,10.5,10.46,10.34,10.3,10.62,10.64,10.65,10.66,10.69,10.7,10.71,10.72,10.73,10.74,4000,2900,1100,4000,600,1700,2900,1000,500,500,1100,100,100,3500,200,7500,3000,500,2000,1700
395.0,10.61,166900,1779617.0,10.61,10.6,10.59,10.58,10.56,10.53,10.5,10.46,10.34,10.3,10.62,10.64,10.65,10.66,10.69,10.7,10.71,10.72,10.73,10.74,4000,2900,1100,4000,600,1700,2900,1000,500,500,1100,100,100,3500,200,7500,3000,500,2000,1700
396.0,10.61,166900,1779617.0,10.61,10.6,10.59,10.58,10.56,10.53,10.5,10.46,10.34,10.3,10.62,10.64,10.65,10.69,10.7,10.71,10.72,10.73,10.74,10.75,4000,2900,1100,4000,600,1700,2900,1000,500,500,1100,100,100,200,7500,3000,500,2000,1700,3300
397.0,10.61,166900,1779617.0,10.61,10.6,10.59,10.58,10.56,10.53,10.5,10.46,10.34,10.3,10.62,10.64,10.65,10.69,10.7,10.71,10.72,10.73,10.74,10.75,4000,2900,1100,4000,600,1700,2900,1000,500,500,200,100,100,200,7500,3000,500,2000,1700,3300
398.0,10.61,167700,1788105.0,10.61,10.6,10.59,10.58,10.56,10.53,10.5,10.46,10.34,10.3,10.62,10.64,10.65,10.69,10.7,10.71,10.72,10.73,10.74,10.75,3300,2900,1100,4000,600,1700,2900,1000,500,500,200,100,100,200,7500,3000,500,2000,1700,3300
399.0,10.61,168000,1791288.0,10.61,10.6,10.59,10.58,10.56,10.53,10.5,10.46,10.34,10.3,10.62,10.64,10.65,10.69,10.7,10.71,10.72,10.73,10.74,10.75,3000,2900,1100,4000,600,1700,2900,1000,500,500,200,100,100,200,7500,3000,500,2000,1700,3300
400.0,10.62,168800,1799781.0,10.62,10.61,10.6,10.59,10.58,10.56,10.53,10.5,10.46,10.34,10.64,10.69,10.7,10.71,10.72,10.73,10.74,10.75,10.76,10.77,500,2700,2900,1100,4000,600,1700,2900,1000,500,200,200,7500,3000,500,2000,1700,3300,3500,1600
401.0,10.62,168800,1799781.0,10.62,10.61,10.6,10.59,10.58,10.56,10.53,10.5,10.46,10.34,10.64,10.69,10.7,10.71,10.72,10.73,10.74,10.75,10.76,10.77,600,2700,2900,1100,4000,600,1700,2900,1000,500,700,100,7500,3000,500,2000,1700,3300,3500,1600
402.0,10.61,171800,1831620.0,10.61,10.6,10.59,10.58,10.56,10.53,10.5,10.46,10.34,10.3,10.62,10.64,10.69,10.7,10.71,10.72,10.73,10.74,10.75,10.76,400,1000,1100,4000,600,1700,2900,1000,500,500,3300,600,100,7500,3000,500,2000,1700,3300,3500
403.0,10.62,171900,1832682.0,10.61,10.6,10.59,10.58,10.56,10.53,10.5,10.46,10.34,10.3,10.62,10.63,10.64,10.69,10.7,10.71,10.72,10.73,10.74,10.75,400,1000,1100,4000,600,1700,2900,1000,500,500,3200,400,600,100,7500,3000,500,2000,1700,3300
404.0,10.61,172200,1835865.0,10.61,10.6,10.59,10.58,10.56,10.53,10.5,10.46,10.34,10.3,10.62,10.63,10.64,10.69,10.7,10.71,10.72,10.73,10.74,10.75,100,1000,1100,4000,600,1700,2900,1000,500,500,3200,400,600,100,7500,3000,500,2000,1700,3300
405.0,10.61,172200,1835865.0,10.61,10.6,10.59,10.58,10.56,10.53,10.5,10.46,10.34,10.3,10.62,10.63,10.64,10.69,10.7,10.71,10.72,10.73,10.74,10.75,100,1000,1100,4000,600,1700,2900,1000,500,500,3200,400,600,100,7500,3000,500,2000,1700,3300
406.0,10.6,172600,1840106.0,10.6,10.59,10.58,10.56,10.53,10.5,10.46,10.34,10.3,10.29,10.61,10.62,10.64,10.69,10.7,10.71,10.72,10.73,10.74,10.75,700,1100,4000,600,1700,2900,1000,500,500,500,5500,3200,500,100,7500,3000,500,2000,1700,3300
407.0,10.6,173000,1844346.0,10.6,10.59,10.58,10.56,10.53,10.5,10.46,10.34,10.3,10.29,10.61,10.62,10.64,10.69,10.7,10.71,10.72,10.73,10.74,10.75,300,1100,4000,600,1700,2900,1000,500,500,500,5500,3200,400,100,7500,3000,500,2000,1700,3300
408.0,10.6,173000,1844346.0,10.6,10.59,10.58,10.56,10.53,10.5,10.46,10.34,10.3,10.29,10.61,10.62,10.64,10.69,10.7,10.71,10.72,10.73,10.74,10.75,300,1100,4000,600,1700,2900,1000,500,500,500,5500,3200,400,100,7500,3000,500,2000,1700,3300
409.0,10.6,173800,1852831.0,10.59,10.58,10.56,10.53,10.5,10.46,10.34,10.3,10.29,10.2,10.6,10.61,10.62,10.64,10.69,10.7,10.71,10.72,10.73,10.74,1100,4000,600,1700,2900,1000,500,500,500,1300,6500,4700,3200,400,100,7500,3000,500,2000,1700
410.0,10.6,173800,1852831.0,10.59,10.58,10.56,10.53,10.5,10.46,10.34,10.3,10.29,10.2,10.6,10.61,10.62,10.64,10.69,10.7,10.71,10.72,10.73,10.74,1100,4000,600,1700,2900,1000,500,500,500,1300,6500,4700,3200,400,100,7500,3000,500,2000,1700
411.0,10.6,173800,1852831.0,10.59,10.58,10.56,10.53,10.5,10.46,10.34,10.3,10.29,10.2,10.6,10.61,10.62,10.64,10.69,10.7,10.71,10.72,10.73,10.74,1100,4000,600,1700,2900,1000,500,500,500,1300,6500,4700,3200,400,100,7500,3000,500,2000,1700
412.0,10.59,175500,1870840.0,10.58,10.56,10.53,10.5,10.46,10.34,10.3,10.29,10.2,10.01,10.59,10.6,10.61,10.62,10.64,10.69,10.7,10.71,10.72,10.73,4000,600,1700,2900,1000,500,500,500,1300,5000,200,5900,100,3200,400,100,7500,3000,500,2000
413.0,10.58,175900,1875072.0,10.58,10.56,10.53,10.5,10.46,10.34,10.3,10.29,10.2,10.01,10.59,10.6,10.61,10.62,10.64,10.69,10.7,10.71,10.72,10.73,3600,600,1700,2900,1000,500,500,500,1300,5000,200,5900,100,3200,400,100,7500,3000,500,2000
414.0,10.58,175900,1875072.0,10.58,10.56,10.53,10.5,10.46,10.34,10.3,10.29,10.2,10.01,10.59,10.6,10.61,10.62,10.64,10.69,10.7,10.71,10.72,10.73,3600,600,1700,2900,1000,500,500,500,1300,5000,200,5900,100,3200,400,100,7500,3000,500,2000
415.0,10.58,175900,1875072.0,10.58,10.56,10.53,10.5,10.46,10.34,10.3,10.29,10.2,10.01,10.59,10.6,10.61,10.62,10.64,10.69,10.7,10.71,10.72,10.73,3600,600,1700,2900,1000,500,500,500,1300,5000,4200,5900,100,3200,400,100,7500,3000,500,2000
