LocalTime,LastPrice,TradeVolume,TradeValue,BidPrice1,BidPrice2,BidPrice3,BidPrice4,BidPrice5,BidPrice6,BidPrice7,BidPrice8,BidPrice9,BidPriceA,AskPrice1,AskPrice2,AskPrice3,AskPrice4,AskPrice5,AskPrice6,AskPrice7,AskPrice8,AskPrice9,AskPriceA,BidVolume1,BidVolume2,BidVolume3,BidVolume4,BidVolume5,BidVolume6,BidVolume7,BidVolume8,BidVolume9,BidVolumeA,AskVolume1,AskVolume2,AskVolume3,AskVolume4,AskVolume5,AskVolume6,AskVolume7,AskVolume8,AskVolume9,AskVolumeA
0.0,6.5,48000,312000.0,6.5,6.45,6.44,6.43,6.41,6.4,6.39,6.37,6.36,6.35,6.52,6.54,6.55,6.56,6.57,6.58,6.59,6.6,6.61,6.62,400,200,900,8800,51100,20000,2300,1000,9000,1500,19200,5600,9400,5800,27200,3600,6000,22700,1500,5800
1.0,6.49,56500,367316.0,6.49,6.45,6.44,6.43,6.41,6.4,6.39,6.37,6.36,6.35,6.5,6.51,6.52,6.54,6.55,6.56,6.57,6.58,6.59,6.6,4300,200,900,8800,51100,20000,2300,1000,9000,1500,100,6100,29200,5600,9400,5800,27200,3600,6000,22700
2.0,6.51,60400,392683.0,6.5,6.49,6.45,6.44,6.43,6.41,6.4,6.39,6.37,6.36,6.51,6.52,6.54,6.55,6.56,6.57,6.58,6.59,6.6,6.61,300,4300,200,900,8800,54100,21500,2300,1000,9000,4400,29200,5600,9400,5800,27200,3600,6000,26200,1500
3.0,6.49,64600,420000.0,6.49,6.45,6.44,6.43,6.41,6.4,6.39,6.37,6.36,6.35,6.51,6.52,6.53,6.54,6.55,6.56,6.57,6.58,6.59,6.6,4100,200,900,8800,54100,21500,2300,1000,9000,1500,2500,65200,48000,5600,9400,5800,27200,3600,6000,32100
4.0,6.49,64700,420649.0,6.49,6.45,6.44,6.43,6.41,6.4,6.39,6.37,6.36,6.35,6.5,6.51,6.52,6.53,6.54,6.55,6.56,6.57,6.58,6.59,4000,200,8800,8800,54100,28500,2300,1000,9000,1500,100,2500,65200,48000,7600,10600,5800,27200,4100,6000
5.0,6.5,66500,432363.0,6.49,6.46,6.45,6.44,6.43,6.41,6.4,6.39,6.37,6.36,6.5,6.51,6.52,6.53,6.54,6.55,6.56,6.57,6.58,6.59,4000,2900,200,8800,8800,67100,28500,2300,1000,9000,2300,3000,52200,52300,7600,10600,7800,27200,4100,6000
6.0,6.49,70500,458336.0,6.49,6.46,6.45,6.44,6.43,6.41,6.4,6.39,6.37,6.36,6.5,6.51,6.52,6.53,6.54,6.55,6.56,6.57,6.58,6.59,1300,2900,800,8800,18800,67100,28500,2300,1000,9000,5200,3800,52200,52300,7600,16700,7800,27200,4100,6000
7.0,6.46,72100,468711.0,6.46,6.45,6.44,6.43,6.41,6.4,6.39,6.37,6.36,6.35,6.48,6.5,6.51,6.52,6.53,6.54,6.55,6.56,6.57,6.58,2600,800,8800,23900,67100,28500,2300,1000,9000,1500,4100,12400,7900,52300,52300,7600,17700,7800,27200,4100
8.0,6.48,73700,479079.0,6.46,6.45,6.44,6.43,6.41,6.4,6.39,6.37,6.36,6.35,6.47,6.48,6.49,6.5,6.51,6.52,6.53,6.54,6.55,6.56,2600,5800,8800,23900,67100,28500,2300,1000,9000,1500,400,2500,100,16100,12100,52300,52300,7600,18200,7800
9.0,6.47,76400,496541.0,6.47,6.46,6.45,6.44,6.43,6.41,6.4,6.39,6.37,6.36,6.48,6.49,6.5,6.51,6.52,6.53,6.54,6.55,6.56,6.57,8400,2000,5800,8800,24300,67100,28500,2300,1000,9000,2500,400,14000,8800,52300,52300,7600,19500,7800,27200
10.0,6.47,76400,496541.0,6.47,6.46,6.45,6.44,6.43,6.41,6.4,6.39,6.37,6.36,6.48,6.49,6.5,6.51,6.52,6.53,6.54,6.55,6.56,6.57,10000,2000,5800,8800,24000,67100,28500,2300,1000,9000,2500,10100,17600,8800,52300,52300,7600,19500,8800,27200
11.0,6.47,78900,512730.0,6.47,6.46,6.45,6.44,6.43,6.41,6.4,6.39,6.37,6.36,6.48,6.49,6.5,6.51,6.52,6.53,6.54,6.55,6.56,6.57,9000,2300,5800,8800,23900,67100,28500,2300,1000,9000,2000,10100,17900,8900,52300,52300,7600,19500,8800,27200
12.0,6.47,87100,565784.0,6.47,6.46,6.45,6.44,6.43,6.41,6.4,6.39,6.37,6.36,6.48,6.49,6.5,6.51,6.52,6.53,6.54,6.55,6.56,6.57,1500,2500,5800,8800,23900,67100,28500,2300,1000,9000,900,10100,18000,8900,52300,52300,7600,19500,8800,27200
13.0,6.47,87800,570313.0,6.47,6.46,6.45,6.44,6.43,6.41,6.4,6.39,6.37,6.36,6.48,6.49,6.5,6.51,6.52,6.53,6.54,6.55,6.56,6.57,1300,2500,5800,8800,23900,67100,28500,2300,1000,9000,800,6300,17500,8900,52200,52300,7600,19500,8800,27200
14.0,6.47,89300,580022.0,6.47,6.46,6.45,6.44,6.43,6.41,6.4,6.39,6.37,6.36,6.48,6.49,6.5,6.51,6.52,6.53,6.54,6.55,6.56,6.57,500,2200,5800,8800,23900,67100,28500,2300,1000,9000,400,100,17500,8900,52200,52300,7600,19500,8800,27200
15.0,6.47,89300,580022.0,6.47,6.46,6.45,6.44,6.43,6.41,6.4,6.39,6.37,6.36,6.48,6.49,6.5,6.51,6.52,6.53,6.54,6.55,6.56,6.57,600,2200,5800,8800,23900,67100,28500,2300,1000,9000,400,100,17500,8900,52200,52300,7600,19500,8800,27200
16.0,6.47,89300,580022.0,6.47,6.46,6.45,6.44,6.43,6.41,6.4,6.39,6.37,6.36,6.48,6.49,6.5,6.51,6.52,6.53,6.54,6.55,6.56,6.57,700,2200,5800,8800,23900,67100,28500,2300,1000,9000,400,100,17500,8900,52200,52300,7600,19500,8800,27200
17.0,6.47,89500,581316.0,6.47,6.46,6.45,6.44,6.43,6.41,6.4,6.39,6.37,6.36,6.48,6.5,6.51,6.52,6.53,6.54,6.55,6.56,6.57,6.58,500,2100,5800,8800,23900,67100,28500,2300,1000,9000,800,17500,8900,52200,52300,7600,19500,8800,27200,6300
18.0,6.47,89600,581963.0,6.47,6.46,6.45,6.44,6.43,6.41,6.4,6.39,6.37,6.36,6.48,6.5,6.51,6.52,6.53,6.54,6.55,6.56,6.57,6.58,400,2100,5800,8800,23900,67100,28500,2300,1000,9000,1300,17500,8900,52200,52300,7600,19500,8800,27200,6300
19.0,6.47,90000,584551.0,6.46,6.45,6.44,6.43,6.41,6.4,6.39,6.37,6.36,6.35,6.48,6.5,6.51,6.52,6.53,6.54,6.55,6.56,6.57,6.58,2100,5800,8800,23900,67100,28500,2300,1000,9000,1500,1300,17500,8900,52200,52300,7600,19500,8800,27200,6300
20.0,6.46,90100,585197.0,6.46,6.45,6.44,6.43,6.41,6.4,6.39,6.37,6.36,6.35,6.48,6.5,6.51,6.52,6.53,6.54,6.55,6.56,6.57,6.58,4300,5800,8800,23900,67100,28500,2300,1000,9000,1500,1300,17500,8900,52200,52300,7600,19500,8800,27200,6300
21.0,6.48,90200,585845.0,6.46,6.45,6.44,6.43,6.41,6.4,6.39,6.37,6.36,6.35,6.48,6.5,6.51,6.52,6.53,6.54,6.55,6.56,6.57,6.58,4300,5800,8800,23900,67100,28500,2300,1000,9000,1500,1200,17500,8900,52200,48000,7600,19500,8800,27200,6300
22.0,6.48,90800,589733.0,6.47,6.46,6.45,6.44,6.43,6.41,6.4,6.39,6.37,6.36,6.48,6.5,6.51,6.52,6.53,6.54,6.55,6.56,6.57,6.58,200,4300,5800,8800,23900,67100,28500,2300,1000,9000,200,17500,8900,52200,48000,7600,19500,8800,27200,6300
23.0,6.48,91000,591029.0,6.47,6.46,6.45,6.44,6.43,6.41,6.4,6.39,6.37,6.36,6.49,6.5,6.51,6.52,6.53,6.54,6.55,6.56,6.57,6.58,5000,4600,5800,8800,23900,67100,28500,2300,1000,9000,400,17500,8800,52200,48000,7600,19500,8800,27200,6300
24.0,6.47,91100,591676.0,6.47,6.46,6.45,6.44,6.43,6.41,6.4,6.39,6.37,6.36,6.49,6.5,6.51,6.52,6.53,6.54,6.55,6.56,6.57,6.58,5500,4600,5800,8800,23900,67100,28500,2300,1000,9000,400,17500,8800,52200,48000,7600,19500,8800,27200,6300
25.0,6.47,91500,594264.0,6.47,6.46,6.45,6.44,6.43,6.41,6.4,6.39,6.37,6.36,6.49,6.5,6.51,6.52,6.53,6.54,6.55,6.56,6.57,6.58,11400,4600,5800,8800,23900,67100,28500,2300,1000,9000,400,17500,8800,52200,48000,7600,19500,8800,27200,6300
26.0,6.47,91600,594911.0,6.47,6.46,6.45,6.44,6.43,6.41,6.4,6.39,6.37,6.36,6.49,6.5,6.51,6.52,6.53,6.54,6.55,6.56,6.57,6.58,11300,4600,5800,8800,23900,67100,28500,2300,1000,9000,400,17500,8800,52200,48000,7600,19500,8800,27200,6300
27.0,6.47,91600,594911.0,6.47,6.46,6.45,6.44,6.43,6.41,6.4,6.39,6.37,6.36,6.49,6.5,6.51,6.52,6.53,6.54,6.55,6.56,6.57,6.58,11300,4600,5800,8800,23900,67100,28500,2300,1000,9000,400,18100,8800,52200,48000,7600,19500,8800,27200,6300
28.0,6.47,91600,594911.0,6.47,6.46,6.45,6.44,6.43,6.41,6.4,6.39,6.37,6.36,6.49,6.5,6.51,6.52,6.53,6.54,6.55,6.56,6.57,6.58,11700,4600,5800,8800,23900,67100,28500,2300,1000,9000,2400,18100,8800,52200,48000,7600,19500,8800,27200,6300
29.0,6.47,96700,627908.0,6.47,6.46,6.45,6.44,6.43,6.41,6.4,6.39,6.37,6.36,6.48,6.49,6.5,6.51,6.52,6.53,6.54,6.55,6.56,6.57,6600,4200,5800,8800,23900,67100,28500,2300,1000,9000,28400,2200,18100,8500,52200,48000,7600,19500,8800,27200
30.0,6.47,96700,627908.0,6.47,6.46,6.45,6.44,6.43,6.41,6.4,6.39,6.37,6.36,6.48,6.49,6.5,6.51,6.52,6.53,6.54,6.55,6.56,6.57,6600,4200,5800,8800,23900,67100,28500,2300,1000,9000,28400,2200,18100,8500,52200,48000,7600,19500,8800,27200
31.0,6.47,102500,665479.0,6.47,6.46,6.45,6.44,6.43,6.41,6.4,6.39,6.37,6.36,6.48,6.49,6.5,6.51,6.52,6.53,6.54,6.55,6.56,6.57,5300,4200,5800,8800,23900,67100,28500,2300,1000,9000,24000,2700,18200,11300,52200,48000,7600,19500,8800,27200
32.0,6.47,106500,691359.0,6.47,6.46,6.45,6.44,6.43,6.41,6.4,6.39,6.37,6.36,6.48,6.49,6.5,6.51,6.52,6.53,6.54,6.55,6.56,6.57,1300,4200,5800,8800,23900,67100,28500,2300,1000,9000,24300,2700,18200,11700,52200,48000,7600,19500,8800,27200
33.0,6.47,106500,691359.0,6.47,6.46,6.45,6.44,6.43,6.41,6.4,6.39,6.37,6.36,6.48,6.49,6.5,6.51,6.52,6.53,6.54,6.55,6.56,6.57,1500,4200,5800,8800,23900,67100,28500,2300,1000,9000,24300,2700,18200,11700,52200,48000,7600,19500,8800,27200
34.0,6.48,108000,701079.0,6.47,6.46,6.45,6.44,6.43,6.41,6.4,6.39,6.37,6.36,6.48,6.49,6.5,6.51,6.52,6.53,6.54,6.55,6.56,6.57,1500,4200,5800,8800,23900,67100,28500,2300,1000,9000,22800,2700,18200,11700,52200,48000,7600,19500,8800,27200
35.0,6.47,109500,710784.0,6.46,6.45,6.44,6.43,6.41,6.4,6.39,6.37,6.36,6.35,6.47,6.48,6.49,6.5,6.51,6.52,6.53,6.54,6.55,6.56,4200,5800,8800,23900,67100,28500,2300,1000,9000,1500,6900,22400,2700,17000,11700,52200,48000,7600,19500,8800
36.0,6.47,109500,710784.0,6.46,6.45,6.44,6.43,6.41,6.4,6.39,6.37,6.36,6.35,6.47,6.48,6.49,6.5,6.51,6.52,6.53,6.54,6.55,6.56,4200,5800,8800,23900,67100,28500,2300,1000,9000,1500,6900,22400,2700,17000,11700,52200,48000,7600,19500,8800
37.0,6.47,110100,714666.0,6.46,6.45,6.44,6.43,6.41,6.4,6.39,6.37,6.36,6.35,6.47,6.48,6.49,6.5,6.51,6.52,6.53,6.54,6.55,6.56,4200,5800,8800,23900,67100,28500,2300,1000,9000,1500,6300,22400,2700,17000,11700,52200,48000,7600,19500,8800
38.0,6.46,110800,719194.0,6.46,6.45,6.44,6.43,6.41,6.4,6.39,6.37,6.36,6.35,6.47,6.48,6.49,6.5,6.51,6.52,6.53,6.54,6.55,6.56,4100,5800,8800,23900,67100,28500,2300,1000,9000,1500,8400,22300,2700,17000,11700,52200,48000,7600,19500,8800
39.0,6.46,110800,719194.0,6.46,6.45,6.44,6.43,6.41,6.4,6.39,6.37,6.36,6.35,6.47,6.48,6.49,6.5,6.51,6.52,6.53,6.54,6.55,6.56,4100,5800,8800,23900,67100,28500,2300,1000,9000,1500,8400,22300,2700,17000,11700,52200,48000,7600,19500,8800
40.0,6.46,110800,719194.0,6.46,6.45,6.44,6.43,6.41,6.4,6.39,6.37,6.36,6.35,6.47,6.48,6.49,6.5,6.51,6.52,6.53,6.54,6.55,6.56,6100,5800,8800,23900,64100,28500,2300,1000,9000,1500,8400,22300,2700,17000,11700,57200,48000,7600,19500,8800
41.0,6.46,110800,719194.0,6.46,6.45,6.44,6.43,6.41,6.4,6.39,6.37,6.36,6.35,6.47,6.48,6.49,6.5,6.51,6.52,6.53,6.54,6.55,6.56,6100,5800,8800,18800,64100,28500,2300,1000,9000,1500,8500,22300,2700,17000,11700,57200,48000,7600,19500,8800
42.0,6.46,110800,719194.0,6.46,6.45,6.44,6.43,6.41,6.4,6.39,6.37,6.36,6.35,6.47,6.48,6.49,6.5,6.51,6.52,6.53,6.54,6.55,6.56,6600,5800,8800,18800,64100,28500,2300,1000,9000,1500,8500,22300,2700,17000,11700,57200,48000,7600,19500,8800
43.0,6.46,111400,723070.0,6.46,6.45,6.44,6.43,6.41,6.4,6.39,6.37,6.36,6.35,6.47,6.48,6.49,6.5,6.51,6.52,6.53,6.54,6.55,6.56,6000,5800,8800,18800,64100,28500,2300,1000,9000,1500,8500,22200,2700,17000,11700,57200,48000,7600,19500,8800
44.0,6.46,111400,723070.0,6.46,6.45,6.44,6.43,6.41,6.4,6.39,6.37,6.36,6.35,6.47,6.48,6.49,6.5,6.51,6.52,6.53,6.54,6.55,6.56,6100,5800,8800,18800,64100,28500,2300,1000,9000,1500,8500,22200,2700,13000,11700,57200,48000,7600,19500,8800
45.0,6.47,112200,728246.0,6.46,6.45,6.44,6.43,6.41,6.4,6.39,6.37,6.36,6.35,6.47,6.48,6.49,6.5,6.51,6.52,6.53,6.54,6.55,6.56,6100,5800,8800,18800,64100,28500,2300,1000,9000,1500,7700,22200,2700,13000,11700,57200,48000,7600,19500,8800
46.0,6.46,112800,732122.0,6.46,6.45,6.44,6.43,6.41,6.4,6.39,6.37,6.36,6.35,6.47,6.48,6.49,6.5,6.51,6.52,6.53,6.54,6.55,6.56,10700,5800,8800,18800,64100,28500,2300,1000,9000,1500,7700,22200,2700,13000,11700,62200,48000,7600,19500,8800
47.0,6.46,126800,822587.0,6.45,6.44,6.43,6.42,6.41,6.4,6.39,6.37,6.36,6.35,6.46,6.47,6.48,6.49,6.5,6.51,6.52,6.53,6.54,6.55,5800,8800,18800,500,64100,28500,2300,1000,9000,1500,2500,5200,22200,2700,13000,9600,62200,48000,7600,19500
48.0,6.46,127400,826462.0,6.45,6.44,6.43,6.42,6.41,6.4,6.39,6.37,6.36,6.35,6.46,6.47,6.48,6.49,6.5,6.51,6.52,6.53,6.54,6.55,5700,8800,18800,500,64100,28500,2300,1000,9000,1500,5100,5200,22200,2700,13000,8400,62200,48000,7600,19500
49.0,6.45,129700,841314.0,6.45,6.44,6.43,6.42,6.41,6.4,6.39,6.37,6.36,6.35,6.46,6.47,6.48,6.49,6.5,6.51,6.52,6.53,6.54,6.55,5100,8800,18800,500,64100,28500,2300,1000,9000,1500,3400,5200,22200,2700,13000,8400,62200,48000,7600,19500
50.0,6.46,130100,843898.0,6.45,6.44,6.43,6.42,6.41,6.4,6.39,6.37,6.36,6.35,6.46,6.47,6.48,6.49,6.5,6.51,6.52,6.53,6.54,6.55,5100,8800,18800,500,64100,28500,2300,1000,9000,1500,5700,5200,22200,2700,12800,8400,62200,48000,7600,19500
51.0,6.46,132100,856818.0,6.45,6.44,6.43,6.42,6.41,6.4,6.39,6.37,6.36,6.35,6.46,6.47,6.48,6.49,6.5,6.51,6.52,6.53,6.54,6.55,5100,8800,18800,500,64100,28500,2300,1000,9000,1500,3700,5200,27500,2700,12200,8400,62200,48000,7600,19500
52.0,6.46,136600,885883.0,6.46,6.45,6.44,6.43,6.42,6.41,6.4,6.39,6.37,6.36,6.47,6.48,6.49,6.5,6.51,6.52,6.53,6.54,6.55,6.56,3300,6900,8800,18800,500,64100,28500,2300,1000,9000,5300,27500,2700,12200,8300,62200,48000,7600,19500,8800
53.0,6.47,137600,892353.0,6.46,6.45,6.44,6.43,6.42,6.41,6.4,6.39,6.37,6.36,6.47,6.48,6.49,6.5,6.51,6.52,6.53,6.54,6.55,6.56,7700,7800,8800,18800,500,64100,28500,2300,1000,9000,4300,27500,2700,12200,8300,62200,48000,7600,19500,8800
54.0,6.47,137600,892353.0,6.46,6.45,6.44,6.43,6.42,6.41,6.4,6.39,6.37,6.36,6.47,6.48,6.49,6.5,6.51,6.52,6.53,6.54,6.55,6.56,7700,7800,8800,18800,500,64100,28500,2300,1000,9000,4300,27500,2700,12200,8300,62200,48000,7600,19500,8800
55.0,6.47,142600,924696.0,6.47,6.46,6.45,6.44,6.43,6.42,6.41,6.4,6.39,6.37,6.48,6.49,6.5,6.51,6.52,6.53,6.54,6.55,6.56,6.57,2800,34400,8300,8800,18800,500,64100,28500,2300,1000,27500,2700,12200,8300,62200,48000,7600,19500,8800,27200
56.0,6.47,142600,924696.0,6.47,6.46,6.45,6.44,6.43,6.41,6.4,6.39,6.37,6.36,6.48,6.49,6.5,6.51,6.52,6.53,6.54,6.55,6.56,6.57,4400,33500,8300,8800,18800,64100,28500,2300,1000,9000,27500,2700,12200,14800,65200,48000,7600,19500,8800,27200
57.0,6.47,142600,924696.0,6.47,6.46,6.45,6.44,6.43,6.41,6.4,6.39,6.37,6.36,6.48,6.49,6.5,6.51,6.52,6.53,6.54,6.55,6.56,6.57,4400,33500,8300,8800,18800,64100,28500,2300,1000,9000,27500,2700,12200,14800,65200,48000,7600,19500,8800,27200
58.0,6.47,143000,927284.0,6.47,6.46,6.45,6.44,6.43,6.41,6.4,6.39,6.37,6.36,6.48,6.49,6.5,6.51,6.52,6.53,6.54,6.55,6.56,6.57,7900,33500,8300,8800,18800,64100,28500,2300,1000,9000,27500,2500,12200,14800,65200,48000,7600,19500,8800,27200
59.0,6.47,144700,938298.0,6.47,6.46,6.45,6.44,6.43,6.41,6.4,6.39,6.37,6.36,6.48,6.49,6.5,6.51,6.52,6.53,6.54,6.55,6.56,6.57,9700,33500,8300,8800,18800,64100,28500,2300,1000,9000,26000,2500,12200,17200,65200,48000,7600,19500,8800,27200
60.0,6.48,144900,939594.0,6.47,6.46,6.45,6.44,6.43,6.41,6.4,6.39,6.37,6.36,6.48,6.49,6.5,6.51,6.52,6.53,6.54,6.55,6.56,6.57,9700,33500,8300,8800,18800,64100,28500,2300,1000,9000,25800,2500,12200,17200,65200,48000,7600,19500,8800,27200
61.0,6.47,153800,997177.0,6.47,6.46,6.45,6.44,6.43,6.41,6.4,6.39,6.37,6.36,6.48,6.49,6.5,6.51,6.52,6.53,6.54,6.55,6.56,6.57,1800,33500,8300,8800,18800,64100,28500,2300,1000,9000,25800,2500,12200,17200,65200,48000,7600,19500,8800,27200
62.0,6.47,159200,1032093.0,6.46,6.45,6.44,6.43,6.41,6.4,6.39,6.37,6.36,6.35,6.47,6.48,6.49,6.5,6.51,6.52,6.53,6.54,6.55,6.56,31700,8300,8800,18800,64100,28500,2300,1000,9000,1500,1300,25800,2500,12200,17200,65200,48000,7600,19500,8800
63.0,6.46,159300,1032739.0,6.46,6.45,6.44,6.43,6.41,6.4,6.39,6.37,6.36,6.35,6.47,6.48,6.49,6.5,6.51,6.52,6.53,6.54,6.55,6.56,31700,8300,8800,18800,64100,28500,2300,1000,9000,1500,1300,25800,2500,12200,17200,65200,48000,7600,19500,8800
64.0,6.46,160800,1042429.0,6.46,6.45,6.44,6.43,6.41,6.4,6.39,6.37,6.36,6.35,6.47,6.48,6.49,6.5,6.51,6.52,6.53,6.54,6.55,6.56,30200,8800,9200,18800,64100,28500,2300,1000,9000,1500,1300,25800,2500,12200,17200,65200,48000,7600,19500,8800
65.0,6.47,162300,1052134.0,6.47,6.46,6.45,6.44,6.43,6.41,6.4,6.39,6.38,6.37,6.48,6.49,6.5,6.51,6.52,6.53,6.54,6.55,6.56,6.57,500,30200,8800,13800,18800,64100,28500,2300,500,1000,25800,2500,12200,17200,65200,48000,7600,19500,8800,27200
66.0,6.47,162400,1052781.0,6.47,6.46,6.45,6.44,6.43,6.41,6.4,6.39,6.38,6.37,6.48,6.49,6.5,6.51,6.52,6.53,6.54,6.55,6.56,6.57,1400,30100,8800,13800,18800,64100,28500,2300,500,1000,25800,2500,12200,17200,65200,48000,7600,19500,8800,27200
67.0,6.48,163900,1062501.0,6.47,6.46,6.45,6.44,6.43,6.41,6.4,6.39,6.38,6.37,6.48,6.49,6.5,6.51,6.52,6.53,6.54,6.55,6.56,6.57,2000,30100,8800,13800,18800,64100,28500,2300,500,1000,24300,2500,12200,17200,65200,48000,7600,19500,8800,27200
68.0,6.48,163900,1062501.0,6.47,6.46,6.45,6.44,6.43,6.41,6.4,6.39,6.38,6.37,6.48,6.49,6.5,6.51,6.52,6.53,6.54,6.55,6.56,6.57,2500,30100,8500,13800,18800,64100,28500,2300,500,2600,24300,2500,12200,17200,65200,48000,7600,19500,8800,27200
69.0,6.48,163900,1062501.0,6.47,6.46,6.45,6.44,6.43,6.41,6.4,6.39,6.38,6.37,6.48,6.49,6.5,6.51,6.52,6.53,6.54,6.55,6.56,6.57,2800,30100,8500,13800,18800,64100,28500,2300,500,2600,24300,2500,12200,17200,65200,48000,7600,19500,8800,27200
70.0,6.48,163900,1062501.0,6.47,6.46,6.45,6.44,6.43,6.41,6.4,6.39,6.38,6.37,6.48,6.49,6.5,6.51,6.52,6.53,6.54,6.55,6.56,6.57,2800,30200,8500,13800,18800,64100,28500,2300,500,2600,24300,2500,12200,17200,65200,48000,7600,19500,8800,27200
71.0,6.48,164800,1068333.0,6.47,6.46,6.45,6.44,6.43,6.41,6.4,6.39,6.38,6.37,6.48,6.49,6.5,6.51,6.52,6.53,6.54,6.55,6.56,6.57,2900,30200,8500,13800,18800,64100,28500,2300,500,2600,23400,2500,12200,17200,65200,48000,7600,19500,8800,27200
72.0,6.48,164800,1068333.0,6.47,6.46,6.45,6.44,6.43,6.41,6.4,6.39,6.38,6.37,6.48,6.49,6.5,6.51,6.52,6.53,6.54,6.55,6.56,6.57,2900,32800,8500,13800,18800,64100,28500,2300,500,2600,23400,2500,12200,17200,65200,48000,7600,19500,8800,27200
73.0,6.48,173400,1124061.0,6.47,6.46,6.45,6.44,6.43,6.41,6.4,6.39,6.38,6.37,6.48,6.49,6.5,6.51,6.52,6.53,6.54,6.55,6.56,6.57,9600,32900,8500,13800,18800,64100,28500,2300,500,2600,13900,2500,12200,17200,65200,48000,7600,19500,8800,27200
74.0,6.48,186400,1208301.0,6.47,6.46,6.45,6.44,6.43,6.41,6.4,6.39,6.38,6.37,6.48,6.49,6.5,6.51,6.52,6.53,6.54,6.55,6.56,6.57,10400,32800,8500,13800,18800,64100,28500,2300,500,2600,700,2500,12200,17200,65200,48000,7600,19500,8800,27200
75.0,6.48,186500,1208949.0,6.47,6.46,6.45,6.44,6.43,6.41,6.4,6.39,6.38,6.37,6.48,6.49,6.5,6.51,6.52,6.53,6.54,6.55,6.56,6.57,11200,29500,8500,13800,18800,64100,28500,2300,500,2600,600,2500,12000,17200,65200,48000,7600,19500,8800,27200
76.0,6.48,187100,1212837.0,6.48,6.47,6.46,6.45,6.44,6.43,6.41,6.4,6.39,6.38,6.49,6.5,6.51,6.52,6.53,6.54,6.55,6.56,6.57,6.58,300,18000,29500,8500,13800,18800,64100,28500,2300,500,2500,12000,17200,65200,48000,7600,19500,8800,27200,6300
77.0,6.48,187100,1212837.0,6.48,6.47,6.46,6.45,6.44,6.43,6.41,6.4,6.39,6.38,6.49,6.5,6.51,6.52,6.53,6.54,6.55,6.56,6.57,6.58,4600,18400,29500,8500,13800,18800,64100,28500,2300,500,2500,12000,17200,65200,48000,7600,19500,8800,27200,6300
78.0,6.48,187100,1212837.0,6.48,6.47,6.46,6.45,6.44,6.43,6.41,6.4,6.39,6.38,6.49,6.5,6.51,6.52,6.53,6.54,6.55,6.56,6.57,6.58,4600,18400,29500,8500,13800,18800,64100,28500,2300,500,2500,12000,17200,65200,48000,7600,19500,8800,27200,6300
79.0,6.48,187100,1212837.0,6.48,6.47,6.46,6.45,6.44,6.43,6.41,6.4,6.39,6.38,6.49,6.5,6.51,6.52,6.53,6.54,6.55,6.56,6.57,6.58,5500,18500,29500,8500,13800,18800,64100,28500,2300,500,2500,12000,17200,65200,48000,7600,19500,8800,27200,6300
80.0,6.49,187300,1214135.0,6.48,6.47,6.46,6.45,6.44,6.43,6.41,6.4,6.39,6.38,6.49,6.5,6.51,6.52,6.53,6.54,6.55,6.56,6.57,6.58,7300,18500,29500,8500,13800,18800,64100,28500,2300,500,2300,12000,17200,65200,48000,7600,19500,8800,27200,6300
81.0,6.49,187500,1215433.0,6.48,6.47,6.46,6.45,6.44,6.43,6.41,6.4,6.39,6.38,6.49,6.5,6.51,6.52,6.53,6.54,6.55,6.56,6.57,6.58,7300,18500,29500,8500,13800,18800,64100,28500,2300,500,2100,12000,17200,65200,48000,7600,19500,8800,27200,6300
82.0,6.49,187500,1215433.0,6.48,6.47,6.46,6.45,6.44,6.43,6.41,6.4,6.39,6.38,6.49,6.5,6.51,6.52,6.53,6.54,6.55,6.56,6.57,6.58,7300,18500,29500,8500,13800,18800,64100,28500,2300,500,2100,12000,17200,65200,48000,7600,19500,8800,27200,6300
83.0,6.48,187800,1217377.0,6.48,6.47,6.46,6.45,6.44,6.43,6.41,6.4,6.39,6.38,6.49,6.5,6.51,6.52,6.53,6.54,6.55,6.56,6.57,6.58,7000,19000,29500,8000,13800,18800,64100,28500,2300,500,2100,12000,17200,65200,48000,7600,19500,8800,27200,6300
84.0,6.49,188000,1218675.0,6.48,6.47,6.46,6.45,6.44,6.43,6.41,6.4,6.39,6.38,6.49,6.5,6.51,6.52,6.53,6.54,6.55,6.56,6.57,6.58,7000,19000,29500,8000,13800,18800,64100,28500,2300,500,1900,12000,17200,65200,48000,7600,13400,8800,27200,6300
85.0,6.49,188000,1218675.0,6.48,6.47,6.46,6.45,6.44,6.43,6.41,6.4,6.39,6.38,6.49,6.5,6.51,6.52,6.53,6.54,6.55,6.56,6.57,6.58,7900,19000,29500,8000,13800,18800,64100,28500,2300,500,1900,12000,17200,65200,48000,7600,13400,8800,27200,6300
86.0,6.49,188000,1218675.0,6.48,6.47,6.46,6.45,6.44,6.43,6.41,6.4,6.39,6.38,6.49,6.5,6.51,6.52,6.53,6.54,6.55,6.56,6.57,6.58,11600,18100,29500,8000,13400,18800,64100,28500,2300,500,1900,12000,17200,65200,48000,7600,13400,8800,27200,6300
87.0,6.48,189700,1229694.0,6.48,6.47,6.46,6.45,6.44,6.43,6.41,6.4,6.39,6.38,6.49,6.5,6.51,6.52,6.53,6.54,6.55,6.56,6.57,6.58,25600,18000,29500,8000,13400,18800,64100,28500,2300,500,2000,12000,17200,65200,48000,7600,13400,8800,27200,6300
88.0,6.49,189900,1230992.0,6.48,6.47,6.46,6.45,6.44,6.43,6.41,6.4,6.39,6.38,6.49,6.5,6.51,6.52,6.53,6.54,6.55,6.56,6.57,6.58,25600,18000,30500,8000,13400,18800,64100,28500,2300,500,1800,12000,17200,60800,48000,7600,13400,8800,27200,6300
89.0,6.48,199800,1295144.0,6.48,6.47,6.46,6.45,6.44,6.43,6.41,6.4,6.39,6.38,6.49,6.5,6.51,6.52,6.53,6.54,6.55,6.56,6.57,6.58,15700,17000,30500,8000,13400,18800,64100,28500,2300,500,2800,12000,17200,60800,48000,7600,13400,8800,27200,6300
90.0,6.48,202800,1314584.0,6.47,6.46,6.45,6.44,6.43,6.41,6.4,6.39,6.38,6.37,6.48,6.49,6.5,6.51,6.52,6.53,6.54,6.55,6.56,6.57,16900,30500,8000,13400,18800,64100,28500,2300,500,2600,200,3300,12000,17200,60800,48000,7600,13400,8800,27200
91.0,6.48,203000,1315880.0,6.48,6.47,6.46,6.45,6.44,6.43,6.41,6.4,6.39,6.38,6.49,6.5,6.51,6.52,6.53,6.54,6.55,6.56,6.57,6.58,800,16900,30500,8000,13400,18800,64100,28500,2300,500,2900,12000,17200,60800,48000,7600,13400,8800,27200,6300
92.0,6.48,204600,1326252.0,6.48,6.47,6.46,6.45,6.44,6.43,6.41,6.4,6.39,6.38,6.49,6.5,6.51,6.52,6.53,6.54,6.55,6.56,6.57,6.58,1300,16900,30500,8000,13400,18800,64100,28500,2300,500,2500,12000,17200,60800,48000,7600,13400,8800,27200,6300
93.0,6.48,204700,1326900.0,6.48,6.47,6.46,6.45,6.44,6.43,6.41,6.4,6.39,6.38,6.49,6.5,6.51,6.52,6.53,6.54,6.55,6.56,6.57,6.58,1400,17300,30900,8000,13400,18800,64100,28500,2300,500,4000,12000,17200,60800,48000,7600,13400,8800,27200,6300
94.0,6.47,217200,1407860.0,6.47,6.46,6.45,6.44,6.43,6.41,6.4,6.39,6.38,6.37,6.48,6.49,6.5,6.51,6.52,6.53,6.54,6.55,6.56,6.57,6200,30900,8000,13400,18800,64100,28500,2300,500,2600,11500,4000,13000,17200,60800,48000,7600,13400,8800,27200
95.0,6.48,218400,1415629.0,6.47,6.46,6.45,6.44,6.43,6.41,6.4,6.39,6.38,6.37,6.48,6.49,6.5,6.51,6.52,6.53,6.54,6.55,6.56,6.57,5500,30900,8000,13400,18800,64100,28500,2300,500,2600,15100,5200,13000,17200,60800,48000,7600,13400,8800,27200
96.0,6.48,223300,1447381.0,6.47,6.46,6.45,6.44,6.43,6.41,6.4,6.39,6.38,6.37,6.48,6.49,6.5,6.51,6.52,6.53,6.54,6.55,6.56,6.57,5500,30900,8000,13400,18800,64100,28500,2300,500,2600,10200,5200,13000,17200,60800,48000,7600,13400,8800,27200
97.0,6.48,223300,1447381.0,6.47,6.46,6.45,6.44,6.43,6.41,6.4,6.39,6.38,6.37,6.48,6.49,6.5,6.51,6.52,6.53,6.54,6.55,6.56,6.57,5500,30900,8000,13400,18800,64100,28500,2300,500,2600,10200,5200,13000,17200,60800,48000,7600,13400,8800,27200
98.0,6.48,225300,1460341.0,6.47,6.46,6.45,6.44,6.43,6.41,6.4,6.39,6.38,6.37,6.48,6.49,6.5,6.51,6.52,6.53,6.54,6.55,6.56,6.57,5500,30900,8000,13400,18800,64100,28500,2300,500,2600,8300,4000,13000,17200,60800,48000,7600,13400,8800,27200
99.0,6.48,225300,1460341.0,6.47,6.46,6.45,6.44,6.43,6.41,6.4,6.39,6.38,6.37,6.48,6.49,6.5,6.51,6.52,6.53,6.54,6.55,6.56,6.57,5500,30900,8000,13400,18800,64100,28500,2300,500,2600,8300,4000,13000,17200,60800,48000,7600,13400,8800,27200
100.0,6.47,225800,1463576.0,6.47,6.46,6.45,6.44,6.43,6.41,6.4,6.39,6.38,6.37,6.48,6.49,6.5,6.51,6.52,6.53,6.54,6.55,6.56,6.57,5600,30900,8000,13400,18800,64100,28500,2300,500,2600,8300,4000,13000,17200,60800,48000,7600,13400,8800,27200
101.0,6.47,225800,1463576.0,6.47,6.46,6.45,6.44,6.43,6.41,6.4,6.39,6.38,6.37,6.48,6.49,6.5,6.51,6.52,6.53,6.54,6.55,6.56,6.57,5600,30900,8000,13400,18800,64100,28500,2300,500,2600,8300,4000,13000,17200,60800,48000,7600,13400,8800,27200
102.0,6.47,225800,1463576.0,6.47,6.46,6.45,6.44,6.43,6.41,6.4,6.39,6.38,6.37,6.48,6.49,6.5,6.51,6.52,6.53,6.54,6.55,6.56,6.57,5600,30900,8000,13400,18800,64100,28500,2300,500,2600,8300,4000,13000,17200,60800,48000,7600,13400,8800,27200
103.0,6.47,226300,1466811.0,6.47,6.46,6.45,6.44,6.43,6.41,6.4,6.39,6.38,6.37,6.48,6.49,6.5,6.51,6.52,6.53,6.54,6.55,6.56,6.57,5100,30900,8000,13400,18800,64100,28500,2300,500,2600,8400,4000,9700,17200,60800,48000,7600,13400,8800,27200
104.0,6.47,226300,1466811.0,6.47,6.46,6.45,6.44,6.43,6.41,6.4,6.39,6.38,6.37,6.48,6.49,6.5,6.51,6.52,6.53,6.54,6.55,6.56,6.57,5100,30900,8000,13400,18800,64100,28500,2300,500,2600,8400,10100,9700,17200,60800,48000,7600,13400,8800,27200
105.0,6.49,235600,1527084.0,6.47,6.46,6.45,6.44,6.43,6.41,6.4,6.39,6.38,6.37,6.49,6.5,6.51,6.52,6.53,6.54,6.55,6.56,6.57,6.58,5100,30900,8000,13400,18800,64100,28500,2300,500,2600,9200,9700,17200,60800,48000,7600,13400,8800,27200,6300
106.0,6.49,235600,1527084.0,6.47,6.46,6.45,6.44,6.43,6.41,6.4,6.39,6.38,6.37,6.49,6.5,6.51,6.52,6.53,6.54,6.55,6.56,6.57,6.58,5100,30900,8000,13400,18800,64100,28500,2300,500,2600,9200,9700,17200,60800,48000,7600,13400,8800,27200,6300
107.0,6.48,236800,1534855.0,6.47,6.46,6.45,6.44,6.43,6.41,6.4,6.39,6.38,6.37,6.48,6.49,6.5,6.51,6.52,6.53,6.54,6.55,6.56,6.57,4600,30900,8000,13400,18800,64100,28500,2300,500,2600,4300,9200,9700,17200,60800,48000,7600,13400,8800,27200
108.0,6.48,237600,1540039.0,6.47,6.46,6.45,6.44,6.43,6.41,6.4,6.39,6.38,6.37,6.48,6.49,6.5,6.51,6.52,6.53,6.54,6.55,6.56,6.57,4600,30900,8000,13400,18800,64100,28500,2300,500,2600,3500,9200,9700,17200,60800,48000,7600,13400,8800,27200
109.0,6.48,237800,1541335.0,6.47,6.46,6.45,6.44,6.43,6.41,6.4,6.39,6.38,6.37,6.48,6.49,6.5,6.51,6.52,6.53,6.54,6.55,6.56,6.57,4600,30900,8000,13400,18800,64100,28500,2300,500,2600,3300,9200,9700,17200,60800,48000,7600,13400,8800,27200
110.0,6.48,238800,1547811.0,6.47,6.46,6.45,6.44,6.43,6.41,6.4,6.39,6.38,6.37,6.48,6.49,6.5,6.51,6.52,6.53,6.54,6.55,6.56,6.57,4200,30900,8000,13400,18800,64100,28500,2300,500,2600,2700,9200,9700,17200,60800,48000,7600,13400,8800,27200
111.0,6.48,239400,1551699.0,6.47,6.46,6.45,6.44,6.43,6.41,6.4,6.39,6.38,6.37,6.48,6.49,6.5,6.51,6.52,6.53,6.54,6.55,6.56,6.57,3700,30900,8000,13400,18800,64100,28500,2300,500,2600,2100,9200,9700,17200,60800,48000,7600,13400,8800,27200
112.0,6.48,240400,1558179.0,6.47,6.46,6.45,6.44,6.43,6.41,6.4,6.39,6.38,6.37,6.48,6.49,6.5,6.51,6.52,6.53,6.54,6.55,6.56,6.57,3700,30500,8000,13400,18800,64100,28500,2300,500,2600,1100,9200,9700,17200,60800,48500,7600,13400,8800,27200
113.0,6.47,240700,1560120.0,6.47,6.46,6.45,6.44,6.43,6.41,6.4,6.39,6.38,6.37,6.48,6.49,6.5,6.51,6.52,6.53,6.54,6.55,6.56,6.57,3400,30500,8000,13400,18800,64100,28500,2300,500,2600,1100,9200,9700,17200,60800,48500,7600,13400,8800,27200
114.0,6.47,240700,1560120.0,6.47,6.46,6.45,6.44,6.43,6.41,6.4,6.39,6.38,6.37,6.48,6.49,6.5,6.51,6.52,6.53,6.54,6.55,6.56,6.57,3400,30500,8000,13400,18800,64100,28500,2300,500,2600,1100,9200,9700,17200,60800,48500,7600,13400,8800,27200
115.0,6.47,240700,1560120.0,6.47,6.46,6.45,6.44,6.43,6.41,6.4,6.39,6.38,6.37,6.48,6.49,6.5,6.51,6.52,6.53,6.54,6.55,6.56,6.57,3400,30500,8000,13400,18800,64100,28500,2300,500,2600,1100,9200,9700,17200,60800,48500,7600,13400,8800,27200
116.0,6.48,241100,1562712.0,6.47,6.46,6.45,6.44,6.43,6.41,6.4,6.39,6.38,6.37,6.48,6.49,6.5,6.51,6.52,6.53,6.54,6.55,6.56,6.57,3400,30500,8000,13400,18800,64100,28500,2300,500,2600,700,9200,9700,17200,60800,48500,7600,13400,8800,27200
117.0,6.48,242100,1569189.0,6.48,6.47,6.46,6.45,6.44,6.43,6.41,6.4,6.39,6.38,6.49,6.5,6.51,6.52,6.53,6.54,6.55,6.56,6.57,6.58,41800,3100,30500,8000,13400,18800,64100,28500,2300,500,9200,9700,17200,60800,48500,7600,13400,8800,27200,6300
118.0,6.48,242100,1569189.0,6.48,6.47,6.46,6.45,6.44,6.43,6.41,6.4,6.39,6.38,6.49,6.5,6.51,6.52,6.53,6.54,6.55,6.56,6.57,6.58,41800,3100,30500,8000,13400,18800,64100,28500,2300,500,9200,9700,17200,60800,48500,7600,13400,8800,27200,6300
119.0,6.48,242100,1569189.0,6.48,6.47,6.46,6.45,6.44,6.43,6.41,6.4,6.39,6.38,6.49,6.5,6.51,6.52,6.53,6.54,6.55,6.56,6.57,6.58,41800,3100,30500,8000,13400,18800,64100,28500,2300,500,9200,9700,17200,60800,48500,7600,13400,8800,27200,6300
120.0,6.48,243600,1578909.0,6.48,6.47,6.46,6.45,6.44,6.43,6.41,6.4,6.39,6.38,6.49,6.5,6.51,6.52,6.53,6.54,6.55,6.56,6.57,6.58,40300,3100,30500,8000,13400,18800,64100,28500,2300,500,9200,9700,17200,60800,48500,7600,13400,8800,27200,6300
121.0,6.48,282600,1831629.0,6.48,6.47,6.46,6.45,6.44,6.43,6.41,6.4,6.39,6.38,6.49,6.5,6.51,6.52,6.53,6.54,6.55,6.56,6.57,6.58,1300,3100,30500,8000,13400,18800,64100,28500,2300,500,9700,9700,17200,60800,48500,7600,13400,8800,27200,6300
122.0,6.48,284600,1844608.0,6.48,6.47,6.46,6.45,6.44,6.43,6.41,6.4,6.39,6.38,6.49,6.5,6.51,6.52,6.53,6.54,6.55,6.56,6.57,6.58,1200,4000,30500,8000,8800,18800,64100,28500,2300,500,7800,9700,17200,60800,48500,7600,13400,8800,27200,6300
123.0,6.48,284600,1844608.0,6.48,6.47,6.46,6.45,6.44,6.43,6.41,6.4,6.39,6.38,6.49,6.5,6.51,6.52,6.53,6.54,6.55,6.56,6.57,6.58,1300,4000,30500,8000,8800,18800,64100,28500,2300,500,7800,9700,17200,60800,48500,7600,13400,8800,27200,6300
124.0,6.48,284700,1845256.0,6.48,6.47,6.46,6.45,6.44,6.43,6.41,6.4,6.39,6.38,6.49,6.5,6.51,6.52,6.53,6.54,6.55,6.56,6.57,6.58,1200,4000,30500,8000,8800,18800,64100,28500,2300,500,7800,9700,17200,60800,48500,7600,13400,8800,27200,6300
125.0,6.48,285900,1853032.0,6.47,6.46,6.45,6.44,6.43,6.41,6.4,6.39,6.38,6.37,6.48,6.49,6.5,6.51,6.52,6.53,6.54,6.55,6.56,6.57,4000,30500,8000,8800,18800,64100,28500,2300,500,2600,7200,7800,8700,17200,60800,48500,7600,13400,8800,27200
126.0,6.48,286400,1856272.0,6.47,6.46,6.45,6.44,6.43,6.41,6.4,6.39,6.38,6.37,6.48,6.49,6.5,6.51,6.52,6.53,6.54,6.55,6.56,6.57,4000,30500,8000,8800,18800,64100,28500,2300,500,2600,6700,7800,8700,17200,60800,48500,7600,13400,8800,27200
127.0,6.47,286800,1858860.0,6.47,6.46,6.45,6.44,6.43,6.41,6.4,6.39,6.38,6.37,6.48,6.49,6.5,6.51,6.52,6.53,6.54,6.55,6.56,6.57,3600,30500,8000,8800,18800,64100,28500,2300,500,2600,6700,7800,8700,17200,60800,48500,7600,13600,8800,27200
128.0,6.47,286800,1858860.0,6.47,6.46,6.45,6.44,6.43,6.41,6.4,6.39,6.38,6.37,6.48,6.49,6.5,6.51,6.52,6.53,6.54,6.55,6.56,6.57,3600,30500,8000,8800,18800,64100,28500,2300,500,2600,6700,7800,8700,17200,60800,48500,7600,13600,8800,27200
129.0,6.47,286800,1858860.0,6.47,6.46,6.45,6.44,6.43,6.41,6.4,6.39,6.38,6.37,6.48,6.49,6.5,6.51,6.52,6.53,6.54,6.55,6.56,6.57,3600,30500,8000,8800,18800,64100,28500,2300,500,2600,6700,7800,8700,17200,60800,48500,7600,13600,8800,27200
130.0,6.47,290400,1882152.0,6.46,6.45,6.44,6.43,6.41,6.4,6.39,6.38,6.37,6.36,6.47,6.48,6.49,6.5,6.51,6.52,6.53,6.54,6.55,6.56,30500,8000,8800,18800,64100,28500,2300,500,2600,9000,800,6700,7800,8700,17200,60800,48500,7600,13600,8800
131.0,6.47,291300,1887975.0,6.47,6.46,6.45,6.44,6.43,6.41,6.4,6.39,6.38,6.37,6.48,6.49,6.5,6.51,6.52,6.53,6.54,6.55,6.56,6.57,3200,30500,8000,8800,18800,64100,28500,2300,500,2600,6700,7800,8700,17200,60800,48500,7600,13600,8800,27200
132.0,6.47,291300,1887975.0,6.47,6.46,6.45,6.44,6.43,6.41,6.4,6.39,6.38,6.37,6.48,6.49,6.5,6.51,6.52,6.53,6.54,6.55,6.56,6.57,3200,30500,8000,8800,18800,64100,28500,2300,500,2600,6700,7800,8700,17200,60800,48500,7600,13600,8800,27200
133.0,6.48,292300,1894455.0,6.47,6.46,6.45,6.44,6.43,6.41,6.4,6.39,6.38,6.37,6.48,6.49,6.5,6.51,6.52,6.53,6.54,6.55,6.56,6.57,3200,30500,8000,8800,18800,64100,28500,2300,500,2600,5700,7800,8700,17200,60800,48500,7600,13600,8800,27200
134.0,6.47,292600,1896396.0,6.47,6.46,6.45,6.44,6.43,6.41,6.4,6.39,6.38,6.37,6.48,6.49,6.5,6.51,6.52,6.53,6.54,6.55,6.56,6.57,2900,30500,8000,8800,18800,64100,28500,2300,500,2600,5700,7800,8700,17200,63300,48500,7600,13600,8800,27200
135.0,6.47,292600,1896396.0,6.47,6.46,6.45,6.44,6.43,6.41,6.4,6.39,6.38,6.37,6.48,6.49,6.5,6.51,6.52,6.53,6.54,6.55,6.56,6.57,2900,30500,8000,8800,18800,64100,28500,2300,500,2600,5700,7800,8700,17200,63300,48500,7600,13600,8800,27200
136.0,6.47,292600,1896396.0,6.47,6.46,6.45,6.44,6.43,6.41,6.4,6.39,6.38,6.37,6.48,6.49,6.5,6.51,6.52,6.53,6.54,6.55,6.56,6.57,2900,30500,8000,8800,18800,64100,28500,2300,500,2600,5700,7800,8700,17200,63300,48500,7600,13600,8800,27200
137.0,6.48,293000,1898988.0,6.47,6.46,6.45,6.44,6.43,6.41,6.4,6.39,6.38,6.37,6.48,6.49,6.5,6.51,6.52,6.53,6.54,6.55,6.56,6.57,2900,30500,8000,8800,18800,64100,28500,2300,500,2600,5300,7800,8700,17200,63300,48500,7600,13600,8800,27200
138.0,6.48,294100,1906116.0,6.47,6.46,6.45,6.44,6.43,6.41,6.4,6.39,6.38,6.37,6.48,6.49,6.5,6.51,6.52,6.53,6.54,6.55,6.56,6.57,2900,30500,8000,8800,18800,64100,28500,2300,500,2600,4200,7800,8700,17200,63300,48500,7600,13600,8800,27200
139.0,6.48,294100,1906116.0,6.47,6.46,6.45,6.44,6.43,6.41,6.4,6.39,6.38,6.37,6.48,6.49,6.5,6.51,6.52,6.53,6.54,6.55,6.56,6.57,2900,30500,8000,8800,18800,64100,28500,2300,500,2600,4200,7800,8700,17200,63300,48500,7600,13600,8800,27200
140.0,6.48,294100,1906116.0,6.47,6.46,6.45,6.44,6.43,6.41,6.4,6.39,6.38,6.37,6.48,6.49,6.5,6.51,6.52,6.53,6.54,6.55,6.56,6.57,2900,30500,8000,8800,18800,64100,28500,2300,500,2600,4200,7800,8700,17200,63300,48500,7600,13600,8800,27200
141.0,6.47,294400,1908057.0,6.47,6.46,6.45,6.44,6.43,6.41,6.4,6.39,6.38,6.37,6.48,6.49,6.5,6.51,6.52,6.53,6.54,6.55,6.56,6.57,2600,30500,8000,8800,18800,64100,28500,2300,500,2600,4200,7800,8700,17200,63300,48500,7600,13600,8800,27200
142.0,6.47,294400,1908057.0,6.47,6.46,6.45,6.44,6.43,6.41,6.4,6.39,6.38,6.37,6.48,6.49,6.5,6.51,6.52,6.53,6.54,6.55,6.56,6.57,2600,30500,8000,8800,18800,64100,28500,2300,500,2600,4200,7800,8700,17200,63300,48500,7600,13600,8800,27200
143.0,6.47,294400,1908057.0,6.47,6.46,6.45,6.44,6.43,6.41,6.4,6.39,6.38,6.37,6.48,6.49,6.5,6.51,6.52,6.53,6.54,6.55,6.56,6.57,2600,30500,8000,8800,18800,64100,28500,2300,500,2600,4200,7800,8700,17200,63300,48500,7600,13600,8800,27200
144.0,6.47,295400,1914527.0,6.47,6.46,6.45,6.44,6.43,6.41,6.4,6.39,6.38,6.37,6.48,6.49,6.5,6.51,6.52,6.53,6.54,6.55,6.56,6.57,1600,30500,8000,8800,18800,64100,28500,2300,500,2600,4200,7800,8700,17200,63300,48500,7600,13600,8800,27200
145.0,6.47,295700,1916468.0,6.47,6.46,6.45,6.44,6.43,6.41,6.4,6.39,6.38,6.37,6.48,6.49,6.5,6.51,6.52,6.53,6.54,6.55,6.56,6.57,6700,30500,8000,8800,18800,64100,28500,2300,500,2600,4200,7800,8700,17200,63300,48500,7600,13600,8800,27200
146.0,6.47,295700,1916468.0,6.47,6.46,6.45,6.44,6.43,6.41,6.4,6.39,6.38,6.37,6.48,6.49,6.5,6.51,6.52,6.53,6.54,6.55,6.56,6.57,6700,30500,8000,8800,18800,64100,28500,2300,500,2600,4200,7800,8700,17200,63300,48500,7600,13600,8800,27200
147.0,6.48,296100,1919060.0,6.47,6.46,6.45,6.44,6.43,6.41,6.4,6.39,6.38,6.37,6.48,6.49,6.5,6.51,6.52,6.53,6.54,6.55,6.56,6.57,6700,30500,8000,8800,18800,64100,28500,2300,500,2600,3800,7800,8700,17200,63300,48500,7600,13600,8800,27200
148.0,6.48,296100,1919060.0,6.47,6.46,6.45,6.44,6.43,6.41,6.4,6.39,6.38,6.37,6.48,6.49,6.5,6.51,6.52,6.53,6.54,6.55,6.56,6.57,6700,30500,8000,8800,18800,64100,28500,2300,500,2600,3800,7800,8700,17200,63300,48500,7600,13600,8800,27200
149.0,6.48,296100,1919060.0,6.47,6.46,6.45,6.44,6.43,6.41,6.4,6.39,6.38,6.37,6.48,6.49,6.5,6.51,6.52,6.53,6.54,6.55,6.56,6.57,6700,30500,8000,8800,18800,64100,28500,2300,500,2600,3800,7800,8700,17200,63300,48500,7600,13600,8800,27200
150.0,6.48,297100,1925540.0,6.47,6.46,6.45,6.44,6.43,6.41,6.4,6.39,6.38,6.37,6.48,6.49,6.5,6.51,6.52,6.53,6.54,6.55,6.56,6.57,6700,30500,8000,8800,18800,64100,28500,2300,500,2600,2800,7800,8700,17200,63300,48500,7600,13600,8800,27200
151.0,6.47,303800,1968889.0,6.46,6.45,6.44,6.43,6.41,6.4,6.39,6.38,6.37,6.36,6.47,6.48,6.49,6.5,6.51,6.52,6.53,6.54,6.55,6.56,30500,8000,8800,18800,64100,28500,2300,500,2600,9000,4100,3800,7800,8700,17200,63300,48500,7600,13600,8800
152.0,6.47,306000,1983103.0,6.46,6.45,6.44,6.43,6.41,6.4,6.39,6.38,6.37,6.36,6.47,6.48,6.49,6.5,6.51,6.52,6.53,6.54,6.55,6.56,28500,8000,8800,18800,64100,28500,2300,500,2600,9000,4300,3800,7800,8700,17200,63300,48500,7600,13600,8800
153.0,6.47,306000,1983103.0,6.46,6.45,6.44,6.43,6.41,6.4,6.39,6.38,6.37,6.36,6.47,6.48,6.49,6.5,6.51,6.52,6.53,6.54,6.55,6.56,28500,8000,8800,18800,64100,28500,2300,500,2600,9000,4300,3800,7800,8700,17200,63300,48500,7600,13600,8800
154.0,6.47,307400,1992161.0,6.46,6.45,6.44,6.43,6.41,6.4,6.39,6.38,6.37,6.36,6.47,6.48,6.49,6.5,6.51,6.52,6.53,6.54,6.55,6.56,28500,8000,8800,18800,64100,28500,2300,500,2600,9000,2900,3800,7800,8700,17200,63300,49500,7600,13600,8800
155.0,6.46,310400,2011551.0,6.46,6.45,6.44,6.43,6.41,6.4,6.39,6.38,6.37,6.36,6.47,6.48,6.49,6.5,6.51,6.52,6.53,6.54,6.55,6.56,26500,8000,8800,18800,64100,28500,2300,500,2600,9000,2000,36300,7800,8700,17200,63300,49500,7600,13600,8800
156.0,6.46,312800,2027066.0,6.46,6.45,6.44,6.43,6.41,6.4,6.39,6.38,6.37,6.36,6.47,6.48,6.49,6.5,6.51,6.52,6.53,6.54,6.55,6.56,25200,8000,8800,18800,64100,28500,2300,500,2600,9000,900,36300,7800,8700,17200,63300,49500,7600,13600,8800
157.0,6.47,316700,2052269.0,6.47,6.46,6.45,6.44,6.43,6.41,6.4,6.39,6.38,6.37,6.48,6.49,6.5,6.51,6.52,6.53,6.54,6.55,6.56,6.57,800,22200,8000,8800,18800,64100,28500,2300,500,2600,36300,7800,8700,17200,63300,49500,7600,13600,8800,27200
158.0,6.47,317600,2058092.0,6.46,6.45,6.44,6.43,6.41,6.4,6.39,6.38,6.37,6.36,6.47,6.48,6.49,6.5,6.51,6.52,6.53,6.54,6.55,6.56,22200,7400,8800,18800,64100,28500,2300,500,2600,9000,600,37500,7800,8700,17200,63300,49500,7600,13600,8800
159.0,6.46,318600,2064558.0,6.46,6.45,6.44,6.43,6.41,6.4,6.39,6.38,6.37,6.36,6.48,6.49,6.5,6.51,6.52,6.53,6.54,6.55,6.56,6.57,21800,7400,8800,18800,64100,28500,2300,500,2600,9000,37500,7800,8700,17200,63300,49500,7600,13600,8800,27200
160.0,6.46,318600,2064558.0,6.46,6.45,6.44,6.43,6.41,6.4,6.39,6.38,6.37,6.36,6.48,6.49,6.5,6.51,6.52,6.53,6.54,6.55,6.56,6.57,21800,7400,8800,18800,64100,28500,2300,500,2600,9000,37500,7800,8700,17200,63300,49500,7600,13600,8800,27200
161.0,6.47,320500,2076866.0,6.46,6.45,6.44,6.43,6.41,6.4,6.39,6.38,6.37,6.36,6.47,6.48,6.49,6.5,6.51,6.52,6.53,6.54,6.55,6.56,23000,7400,4800,18800,64100,28500,2300,500,2600,9000,2100,37300,7800,8700,17200,63300,49500,7600,13600,8800
162.0,6.47,320500,2076866.0,6.46,6.45,6.44,6.43,6.41,6.4,6.39,6.38,6.37,6.36,6.47,6.48,6.49,6.5,6.51,6.52,6.53,6.54,6.55,6.56,23000,7400,4800,18800,64100,28500,2300,500,2600,9000,2100,37300,7800,8700,17200,63300,49500,7600,13600,8800
163.0,6.47,320500,2076866.0,6.46,6.45,6.44,6.43,6.41,6.4,6.39,6.38,6.37,6.36,6.47,6.48,6.49,6.5,6.51,6.52,6.53,6.54,6.55,6.56,23000,7400,4800,18800,64100,28500,2300,500,2600,9000,2100,37300,7800,8700,17200,63300,49500,7600,13600,8800
164.0,6.47,321100,2080748.0,6.46,6.45,6.44,6.43,6.41,6.4,6.39,6.38,6.37,6.36,6.47,6.48,6.49,6.5,6.51,6.52,6.53,6.54,6.55,6.56,23000,7400,4800,18800,64100,28500,2300,500,2600,9000,1600,36100,7800,8700,17200,63300,49500,7600,13600,8800
165.0,6.47,321100,2080748.0,6.46,6.45,6.44,6.43,6.41,6.4,6.39,6.38,6.37,6.36,6.47,6.48,6.49,6.5,6.51,6.52,6.53,6.54,6.55,6.56,23000,7400,4800,18800,64100,28500,2300,500,2600,9000,1600,36100,7800,8700,17200,63300,49500,7600,13600,8800
166.0,6.47,321100,2080748.0,6.46,6.45,6.44,6.43,6.41,6.4,6.39,6.38,6.37,6.36,6.47,6.48,6.49,6.5,6.51,6.52,6.53,6.54,6.55,6.56,23000,7400,4800,18800,64100,28500,2300,500,2600,9000,1600,36100,7800,8700,17200,63300,49500,7600,13600,8800
167.0,6.47,322000,2086571.0,6.46,6.45,6.44,6.43,6.41,6.4,6.39,6.38,6.37,6.36,6.47,6.48,6.49,6.5,6.51,6.52,6.53,6.54,6.55,6.56,23000,7400,4800,18800,64100,28500,2300,500,2600,9000,700,36100,7800,8700,17200,63300,49500,7600,13600,8800
168.0,6.46,325000,2105951.0,6.46,6.45,6.44,6.43,6.41,6.4,6.39,6.38,6.37,6.36,6.47,6.48,6.49,6.5,6.51,6.52,6.53,6.54,6.55,6.56,20000,7400,4800,18800,64100,28500,2300,500,2600,9000,700,36100,7800,8700,17200,63300,49500,7600,13600,8800
169.0,6.46,325000,2105951.0,6.46,6.45,6.44,6.43,6.41,6.4,6.39,6.38,6.37,6.36,6.47,6.48,6.49,6.5,6.51,6.52,6.53,6.54,6.55,6.56,20000,7400,4800,18800,64100,28500,2300,500,2600,9000,700,36100,7800,8700,17200,63300,49500,7600,13600,8800
170.0,6.46,325000,2105951.0,6.46,6.45,6.44,6.43,6.41,6.4,6.39,6.38,6.37,6.36,6.47,6.48,6.49,6.5,6.51,6.52,6.53,6.54,6.55,6.56,20000,7400,4800,18800,64100,28500,2300,500,2600,9000,700,36100,7800,8700,17200,63300,49500,7600,13600,8800
171.0,6.46,325000,2105951.0,6.46,6.45,6.44,6.43,6.41,6.4,6.39,6.38,6.37,6.36,6.47,6.48,6.49,6.5,6.51,6.52,6.53,6.54,6.55,6.56,20000,7400,4800,18800,64100,28500,2300,500,2600,9000,700,36100,7800,8700,17200,63300,49500,7600,13600,8800
172.0,6.46,325000,2105951.0,6.46,6.45,6.44,6.43,6.41,6.4,6.39,6.38,6.37,6.36,6.47,6.48,6.49,6.5,6.51,6.52,6.53,6.54,6.55,6.56,20000,7400,4800,18800,64100,28500,2300,500,2600,9000,700,36100,7800,8700,17200,63300,49500,7600,13600,8800
173.0,6.46,325000,2105951.0,6.46,6.45,6.44,6.43,6.41,6.4,6.39,6.38,6.37,6.36,6.47,6.48,6.49,6.5,6.51,6.52,6.53,6.54,6.55,6.56,20000,7400,4800,18800,64100,28500,2300,500,2600,9000,700,36100,7800,8200,17200,63300,49500,7600,13600,8800
174.0,6.46,325000,2105951.0,6.46,6.45,6.44,6.43,6.41,6.4,6.39,6.38,6.37,6.36,6.47,6.48,6.49,6.5,6.51,6.52,6.53,6.54,6.55,6.56,20000,7400,4800,18800,64100,28500,2300,500,2600,9000,700,36100,7800,8200,17200,63300,49500,7600,13600,8800
175.0,6.46,325000,2105951.0,6.46,6.45,6.44,6.43,6.41,6.4,6.39,6.38,6.37,6.36,6.47,6.48,6.49,6.5,6.51,6.52,6.53,6.54,6.55,6.56,20500,7400,4800,18800,64100,28500,2300,500,2600,9000,700,36100,7800,8200,17200,63300,49500,7600,13600,8800
176.0,6.46,325000,2105951.0,6.46,6.45,6.44,6.43,6.41,6.4,6.39,6.38,6.37,6.36,6.47,6.48,6.49,6.5,6.51,6.52,6.53,6.54,6.55,6.56,20500,7400,4800,18800,64100,28500,2300,500,2600,9000,700,36100,7800,8200,17200,63300,49500,7600,13600,8800
177.0,6.46,325000,2105951.0,6.46,6.45,6.44,6.43,6.41,6.4,6.39,6.38,6.37,6.36,6.47,6.48,6.49,6.5,6.51,6.52,6.53,6.54,6.55,6.56,20500,7400,4800,18800,64100,28500,2300,500,2600,9000,700,36100,7800,8200,17200,63300,49500,7600,13600,8800
178.0,6.46,325000,2105951.0,6.46,6.45,6.44,6.43,6.41,6.4,6.39,6.38,6.37,6.36,6.47,6.48,6.49,6.5,6.51,6.52,6.53,6.54,6.55,6.56,20500,7400,4800,18800,64100,28500,2300,500,2600,9000,700,36100,7800,8200,17200,63300,49500,7600,13600,8800
179.0,6.46,325000,2105951.0,6.46,6.45,6.44,6.43,6.41,6.4,6.39,6.38,6.37,6.36,6.47,6.48,6.49,6.5,6.51,6.52,6.53,6.54,6.55,6.56,21100,7800,4800,18800,64100,28500,2300,500,2600,9000,700,36100,7800,8200,17200,63300,49500,7600,13600,8800
180.0,6.46,328000,2125331.0,6.46,6.45,6.44,6.43,6.41,6.4,6.39,6.38,6.37,6.36,6.47,6.48,6.49,6.5,6.51,6.52,6.53,6.54,6.55,6.56,18100,7800,4800,18800,64100,28500,2300,500,2600,9000,700,36100,7800,8200,17200,63300,49500,7600,13600,8800
181.0,6.47,328100,2125978.0,6.46,6.45,6.44,6.43,6.41,6.4,6.39,6.38,6.37,6.36,6.47,6.48,6.49,6.5,6.51,6.52,6.53,6.54,6.55,6.56,18100,7800,4800,18800,64100,28500,2300,500,2600,9000,600,36100,7800,8200,17200,63300,49500,7600,13600,8800
182.0,6.47,328100,2125978.0,6.46,6.45,6.44,6.43,6.41,6.4,6.39,6.38,6.37,6.36,6.47,6.48,6.49,6.5,6.51,6.52,6.53,6.54,6.55,6.56,18100,7800,4800,18800,64100,28500,2300,500,2600,9000,600,36100,7800,8200,17200,63300,49500,7600,13600,8800
183.0,6.47,328100,2125978.0,6.46,6.45,6.44,6.43,6.41,6.4,6.39,6.38,6.37,6.36,6.47,6.48,6.49,6.5,6.51,6.52,6.53,6.54,6.55,6.56,18100,7800,4800,18800,64100,28500,2300,500,2600,9000,600,36100,7800,8200,17200,63300,49500,7600,13600,8800
184.0,6.47,328100,2125978.0,6.46,6.45,6.44,6.43,6.41,6.4,6.39,6.38,6.37,6.36,6.47,6.48,6.49,6.5,6.51,6.52,6.53,6.54,6.55,6.56,19100,8800,4800,18800,64100,28500,2300,500,2600,9000,600,36100,7800,8200,17200,63300,49500,7600,13600,8800
185.0,6.47,328100,2125978.0,6.46,6.45,6.44,6.43,6.41,6.4,6.39,6.38,6.37,6.36,6.47,6.48,6.49,6.5,6.51,6.52,6.53,6.54,6.55,6.56,19100,8800,4800,18800,64100,28500,2300,500,2600,9000,600,36100,7800,8200,17200,63300,49500,7600,13600,8800
186.0,6.47,328100,2125978.0,6.46,6.45,6.44,6.43,6.41,6.4,6.39,6.38,6.37,6.36,6.47,6.48,6.49,6.5,6.51,6.52,6.53,6.54,6.55,6.56,19100,8800,4800,18800,64100,28500,2300,500,2600,9000,600,36100,7800,8200,17200,63300,49500,7600,13600,8800
187.0,6.47,328100,2125978.0,6.46,6.45,6.44,6.43,6.41,6.4,6.39,6.38,6.37,6.36,6.47,6.48,6.49,6.5,6.51,6.52,6.53,6.54,6.55,6.56,19100,8800,4800,18800,64100,28500,2300,500,2600,9000,600,36100,7800,8200,17200,63300,49500,7600,13600,8800
188.0,6.46,347200,2249364.0,6.45,6.44,6.43,6.41,6.4,6.39,6.38,6.37,6.36,6.35,6.46,6.47,6.48,6.49,6.5,6.51,6.52,6.53,6.54,6.55,8800,4800,18800,64100,28500,2300,500,2600,9000,1500,800,600,36100,7800,8200,17200,63300,49500,7600,13600
189.0,6.47,348600,2258414.0,6.47,6.45,6.44,6.43,6.41,6.4,6.39,6.38,6.37,6.36,6.48,6.49,6.5,6.51,6.52,6.53,6.54,6.55,6.56,6.57,7300,8800,4800,18800,64100,28500,2300,500,2600,9000,36100,7800,8200,17200,63300,49500,7600,13600,8800,27200
190.0,6.47,352700,2284956.0,6.47,6.45,6.44,6.43,6.41,6.4,6.39,6.38,6.37,6.36,6.48,6.49,6.5,6.51,6.52,6.53,6.54,6.55,6.56,6.57,4700,8800,4800,18800,64100,28500,2300,500,2600,9000,34600,7800,8200,17200,63300,49500,7600,13600,8800,27200
191.0,6.47,357400,2315365.0,6.45,6.44,6.43,6.41,6.4,6.39,6.38,6.37,6.36,6.35,6.47,6.48,6.49,6.5,6.51,6.52,6.53,6.54,6.55,6.56,8800,4800,18800,64100,28500,2300,500,2600,9000,1500,5600,34600,7800,8200,17200,63300,49500,7600,13600,8800
192.0,6.45,359100,2326330.0,6.45,6.44,6.43,6.41,6.4,6.39,6.38,6.37,6.36,6.35,6.47,6.48,6.49,6.5,6.51,6.52,6.53,6.54,6.55,6.56,7100,4800,18800,64100,28500,2300,500,2600,9000,1500,6400,34600,7800,8200,17200,63300,49500,7600,13600,8800
193.0,6.45,359100,2326330.0,6.45,6.44,6.43,6.41,6.4,6.39,6.38,6.37,6.36,6.35,6.47,6.48,6.49,6.5,6.51,6.52,6.53,6.54,6.55,6.56,8400,4800,18800,64100,28500,2300,500,2600,9000,1500,6900,34600,7800,8200,17200,63300,49500,7600,13600,8800
194.0,6.47,360000,2332145.0,6.45,6.44,6.43,6.41,6.4,6.39,6.38,6.37,6.36,6.35,6.47,6.48,6.49,6.5,6.51,6.52,6.53,6.54,6.55,6.56,8000,4800,18800,64100,28500,2300,500,2600,9000,1500,6400,34600,7800,8200,17200,63300,49500,7600,13600,8800
195.0,6.45,360800,2337305.0,6.45,6.44,6.43,6.41,6.4,6.39,6.38,6.37,6.36,6.35,6.47,6.48,6.49,6.5,6.51,6.52,6.53,6.54,6.55,6.56,8600,4800,18800,64100,28500,2300,500,2600,9000,1500,7800,34600,7800,8200,17200,63300,49500,7600,13600,8800
196.0,6.47,360900,2337952.0,6.45,6.44,6.43,6.41,6.4,6.39,6.38,6.37,6.36,6.35,6.47,6.48,6.49,6.5,6.51,6.52,6.53,6.54,6.55,6.56,8600,4800,18800,64100,28500,2300,500,2600,9000,1500,7700,34600,7800,8200,17200,63300,49500,7600,13600,8800
197.0,6.47,362000,2345069.0,6.45,6.44,6.43,6.41,6.4,6.39,6.38,6.37,6.36,6.35,6.47,6.48,6.49,6.5,6.51,6.52,6.53,6.54,6.55,6.56,9700,4800,18800,64100,28500,2300,500,2600,9000,1500,7700,34600,7800,8200,17200,63300,49500,7600,13600,8800
198.0,6.47,362000,2345069.0,6.45,6.44,6.43,6.41,6.4,6.39,6.38,6.37,6.36,6.35,6.47,6.48,6.49,6.5,6.51,6.52,6.53,6.54,6.55,6.56,9300,4800,18800,64100,28500,2300,500,2600,9000,1500,7700,34600,7800,8200,17200,63300,49500,7600,13600,8800
199.0,6.47,362000,2345069.0,6.45,6.44,6.43,6.41,6.4,6.39,6.38,6.37,6.36,6.35,6.47,6.48,6.49,6.5,6.51,6.52,6.53,6.54,6.55,6.56,10100,4800,18800,64100,28500,2300,500,2600,9000,1500,8800,34600,7800,8200,17200,63300,49500,7600,13600,8800
200.0,6.47,362000,2345069.0,6.45,6.44,6.43,6.41,6.4,6.39,6.38,6.37,6.36,6.35,6.47,6.48,6.49,6.5,6.51,6.52,6.53,6.54,6.55,6.56,10400,4800,18800,64100,28500,2300,500,2600,9000,1500,8800,34600,7800,8200,16400,63300,49500,7600,13600,8800
201.0,6.47,362000,2345069.0,6.45,6.44,6.43,6.41,6.4,6.39,6.38,6.37,6.36,6.35,6.47,6.48,6.49,6.5,6.51,6.52,6.53,6.54,6.55,6.56,10400,4800,18800,64100,28500,2300,500,2600,9000,1500,8800,34600,7800,8200,16400,63300,49500,7600,13600,8800
202.0,6.47,362300,2347010.0,6.45,6.44,6.43,6.41,6.4,6.39,6.38,6.37,6.36,6.35,6.47,6.48,6.49,6.5,6.51,6.52,6.53,6.54,6.55,6.56,11500,4800,18800,64100,28500,2300,500,2600,9000,1500,9600,34600,7800,8200,16400,63300,49500,7600,13600,8800
203.0,6.45,364600,2361845.0,6.45,6.44,6.43,6.41,6.4,6.39,6.38,6.37,6.36,6.35,6.47,6.48,6.49,6.5,6.51,6.52,6.53,6.54,6.55,6.56,9200,4800,18800,64100,28500,2300,500,2600,9000,1500,9600,34600,7800,8200,16400,60800,49500,7600,13600,8800
204.0,6.45,364600,2361845.0,6.45,6.44,6.43,6.41,6.4,6.39,6.38,6.37,6.36,6.35,6.47,6.48,6.49,6.5,6.51,6.52,6.53,6.54,6.55,6.56,10100,4800,18800,64100,28500,2300,500,2600,9000,1500,10500,34600,7800,8200,16400,60800,49500,7600,13600,8800
205.0,6.47,365600,2368315.0,6.45,6.44,6.43,6.41,6.4,6.39,6.38,6.37,6.36,6.35,6.47,6.48,6.49,6.5,6.51,6.52,6.53,6.54,6.55,6.56,9400,4800,18800,64000,28500,2300,500,2600,9000,1500,9800,34600,7800,8200,16400,60800,49500,7600,13600,8800
206.0,6.47,365600,2368315.0,6.45,6.44,6.43,6.41,6.4,6.39,6.38,6.37,6.36,6.35,6.47,6.48,6.49,6.5,6.51,6.52,6.53,6.54,6.55,6.56,10200,5300,18800,64000,28500,2300,500,2600,9000,1500,10600,34600,7800,8200,16400,60800,49500,7600,13600,8800
207.0,6.47,365600,2368315.0,6.45,6.44,6.43,6.41,6.4,6.39,6.38,6.37,6.36,6.35,6.47,6.48,6.49,6.5,6.51,6.52,6.53,6.54,6.55,6.56,10500,5300,18800,64000,28500,2300,500,2600,9000,1500,10900,34600,7800,8200,16400,60800,49500,7600,13600,8800
208.0,6.45,366200,2372185.0,6.45,6.44,6.43,6.41,6.4,6.39,6.38,6.37,6.36,6.35,6.47,6.48,6.49,6.5,6.51,6.52,6.53,6.54,6.55,6.56,23100,5300,18800,64000,28500,2300,500,2600,9000,1500,10900,34600,7800,8200,16400,60800,49500,7600,13600,8800
209.0,6.47,367200,2378655.0,6.45,6.44,6.43,6.41,6.4,6.39,6.38,6.37,6.36,6.35,6.47,6.48,6.49,6.5,6.51,6.52,6.53,6.54,6.55,6.56,24000,5300,18800,64000,28500,2300,500,2600,9000,1500,10900,34600,7800,8200,16400,60800,49500,7600,13600,8800
210.0,6.47,367200,2378655.0,6.45,6.44,6.43,6.41,6.4,6.39,6.38,6.37,6.36,6.35,6.47,6.48,6.49,6.5,6.51,6.52,6.53,6.54,6.55,6.56,24300,5300,18800,64000,28500,2300,500,2600,9000,1500,11200,34600,7800,8200,16400,60800,49500,7600,13600,8800
211.0,6.47,367200,2378655.0,6.45,6.44,6.43,6.41,6.4,6.39,6.38,6.37,6.36,6.35,6.47,6.48,6.49,6.5,6.51,6.52,6.53,6.54,6.55,6.56,25200,5300,18800,64000,28500,2300,500,2600,9000,1500,12100,34600,7800,8200,16400,60800,49500,7600,13600,8800
212.0,6.47,368400,2386419.0,6.45,6.44,6.43,6.41,6.4,6.39,6.38,6.37,6.36,6.35,6.47,6.48,6.49,6.5,6.51,6.52,6.53,6.54,6.55,6.56,25500,5300,18800,64000,28500,2300,500,2600,9000,1500,12000,34600,7800,8200,16400,60800,49500,7600,13600,8800
213.0,6.47,368400,2386419.0,6.45,6.44,6.43,6.41,6.4,6.39,6.38,6.37,6.36,6.35,6.47,6.48,6.49,6.5,6.51,6.52,6.53,6.54,6.55,6.56,26400,5300,18800,64000,28500,2300,500,2600,9000,1500,12900,34600,7800,8200,16400,60800,49500,7600,13600,8800
214.0,6.47,368400,2386419.0,6.45,6.44,6.43,6.41,6.4,6.39,6.38,6.37,6.36,6.35,6.46,6.47,6.48,6.49,6.5,6.51,6.52,6.53,6.54,6.55,26400,5300,18800,64000,28500,2300,500,2600,9000,1500,3500,12900,34600,7800,8200,16400,60800,49500,7600,13600
215.0,6.45,371400,2405769.0,6.45,6.44,6.43,6.41,6.4,6.39,6.38,6.37,6.36,6.35,6.46,6.47,6.48,6.49,6.5,6.51,6.52,6.53,6.54,6.55,23400,5300,18800,64000,28500,2300,500,2600,9000,1500,3500,13100,34600,7800,8200,16400,60800,49500,7600,13600
216.0,6.46,372300,2411583.0,6.45,6.44,6.43,6.41,6.4,6.39,6.38,6.37,6.36,6.35,6.46,6.47,6.48,6.49,6.5,6.51,6.52,6.53,6.54,6.55,23400,5300,18800,64000,28500,2300,500,2600,9000,1500,3400,13100,34600,7800,8200,16400,60800,49500,7600,13600
217.0,6.46,372300,2411583.0,6.45,6.44,6.43,6.41,6.4,6.39,6.38,6.37,6.36,6.35,6.46,6.47,6.48,6.49,6.5,6.51,6.52,6.53,6.54,6.55,23400,5300,18800,64000,28500,2300,500,2600,9000,1500,3400,13100,34600,7800,8200,16400,60800,49500,7600,13600
218.0,6.46,372300,2411583.0,6.45,6.44,6.43,6.41,6.4,6.39,6.38,6.37,6.36,6.35,6.46,6.47,6.48,6.49,6.5,6.51,6.52,6.53,6.54,6.55,23400,5300,18800,64000,28500,2300,500,2600,9000,1500,3400,13100,34600,7800,8200,16400,60800,49500,7600,13600
219.0,6.46,372600,2413521.0,6.45,6.44,6.43,6.41,6.4,6.39,6.38,6.37,6.36,6.35,6.46,6.47,6.48,6.49,6.5,6.51,6.52,6.53,6.54,6.55,23400,5300,18800,64000,28500,2300,500,2600,9000,1500,3100,13100,34600,7800,8200,16400,60800,49500,7600,13600
220.0,6.46,372600,2413521.0,6.45,6.44,6.43,6.41,6.4,6.39,6.38,6.37,6.36,6.35,6.46,6.47,6.48,6.49,6.5,6.51,6.52,6.53,6.54,6.55,23400,5300,18800,64000,28500,2300,500,2600,9000,1500,3100,13100,34600,7800,8200,16400,60800,49500,7600,13600
221.0,6.46,372600,2413521.0,6.45,6.44,6.43,6.41,6.4,6.39,6.38,6.37,6.36,6.35,6.46,6.47,6.48,6.49,6.5,6.51,6.52,6.53,6.54,6.55,23400,5300,18800,64000,28500,2300,500,2600,9000,1500,3600,13500,34600,7800,8200,16400,60800,49500,7600,13600
222.0,6.46,372600,2413521.0,6.45,6.44,6.43,6.41,6.4,6.39,6.38,6.37,6.36,6.35,6.46,6.47,6.48,6.49,6.5,6.51,6.52,6.53,6.54,6.55,23400,5300,18800,64000,28500,2300,500,2600,9000,1500,3600,13500,34700,7800,8200,16400,60800,49500,7600,13600
223.0,6.46,373200,2417397.0,6.45,6.44,6.43,6.41,6.4,6.39,6.38,6.37,6.36,6.35,6.46,6.47,6.48,6.49,6.5,6.51,6.52,6.53,6.54,6.55,23400,5300,18800,64000,28500,2300,500,2600,9000,1500,3000,13500,34700,7800,8200,16400,60800,49500,7600,13600
224.0,6.46,373300,2418043.0,6.45,6.44,6.43,6.41,6.4,6.39,6.38,6.37,6.36,6.35,6.46,6.47,6.48,6.49,6.5,6.51,6.52,6.53,6.54,6.55,23400,5300,18800,64000,28500,2300,500,2600,9000,1500,2900,13500,34700,7800,8200,16400,60800,49500,7600,13600
225.0,6.46,373300,2418043.0,6.45,6.44,6.43,6.41,6.4,6.39,6.38,6.37,6.36,6.35,6.46,6.47,6.48,6.49,6.5,6.51,6.52,6.53,6.54,6.55,23400,5300,18800,64000,28500,2300,500,2600,9000,1500,2900,13500,34700,7800,8200,16400,60800,49500,7600,13600
226.0,6.46,373500,2419335.0,6.45,6.44,6.43,6.41,6.4,6.39,6.38,6.37,6.36,6.35,6.46,6.47,6.48,6.49,6.5,6.51,6.52,6.53,6.54,6.55,23400,5300,18800,64000,30500,2300,500,2600,9000,1500,2700,13500,2200,7800,8200,16400,60800,49500,7600,13600
227.0,6.46,374200,2423857.0,6.45,6.44,6.43,6.41,6.4,6.39,6.38,6.37,6.36,6.35,6.46,6.47,6.48,6.49,6.5,6.51,6.52,6.53,6.54,6.55,23400,5300,18800,64000,30500,2300,500,2600,9000,1500,2000,13500,2200,7800,8200,16400,60800,49500,7600,13600
228.0,6.46,374200,2423857.0,6.45,6.44,6.43,6.41,6.4,6.39,6.38,6.37,6.36,6.35,6.46,6.47,6.48,6.49,6.5,6.51,6.52,6.53,6.54,6.55,23400,5300,18800,64000,30500,2300,500,2600,9000,1500,2000,13500,2200,7800,8200,16400,60800,49500,7600,13600
229.0,6.46,386200,2501377.0,6.45,6.44,6.43,6.42,6.41,6.4,6.39,6.38,6.37,6.36,6.46,6.47,6.48,6.49,6.5,6.51,6.52,6.53,6.54,6.55,43400,5300,18800,900,64000,30500,2300,500,2600,9000,4200,13500,2200,7800,8200,7500,60800,49500,7600,13600
230.0,6.46,389700,2523987.0,6.45,6.44,6.43,6.42,6.41,6.4,6.39,6.38,6.37,6.36,6.46,6.47,6.48,6.49,6.5,6.51,6.52,6.53,6.54,6.55,43400,5300,18800,900,64000,30500,2300,500,2600,9000,700,13500,2200,7800,8200,7500,60800,49500,7600,13600
231.0,6.46,389700,2523987.0,6.45,6.44,6.43,6.42,6.41,6.4,6.39,6.38,6.37,6.36,6.46,6.47,6.48,6.49,6.5,6.51,6.52,6.53,6.54,6.55,43400,5300,18800,900,64000,30500,2300,500,2600,9000,700,13500,2200,7800,8200,7500,60800,49500,7600,13600
232.0,6.46,389700,2523987.0,6.45,6.44,6.43,6.42,6.41,6.4,6.39,6.38,6.37,6.36,6.46,6.47,6.48,6.49,6.5,6.51,6.52,6.53,6.54,6.55,45000,5300,18800,900,64000,30500,2300,500,2600,9000,700,13500,2200,7800,8200,7500,60800,49500,7600,13600
233.0,6.47,397200,2572505.0,6.45,6.44,6.43,6.41,6.4,6.39,6.38,6.37,6.36,6.35,6.47,6.48,6.49,6.5,6.51,6.52,6.53,6.54,6.55,6.56,45000,5300,18800,64000,30500,2300,500,2600,9000,1500,6700,2200,7800,8200,13400,60800,49500,7600,13600,8800
234.0,6.47,397200,2572505.0,6.45,6.44,6.43,6.41,6.4,6.39,6.38,6.37,6.36,6.35,6.47,6.48,6.49,6.5,6.51,6.52,6.53,6.54,6.55,6.56,45000,5300,18800,64000,30500,2300,500,2600,9000,1500,6700,2200,7800,8200,13400,60800,49500,7600,13600,8800
235.0,6.47,397200,2572505.0,6.45,6.44,6.43,6.41,6.4,6.39,6.38,6.37,6.36,6.35,6.47,6.48,6.49,6.5,6.51,6.52,6.53,6.54,6.55,6.56,45300,5300,18800,64000,30500,2300,500,2600,9000,1500,7000,2200,7800,8200,13400,60800,49500,7600,13600,8800
236.0,6.47,398900,2583504.0,6.45,6.44,6.43,6.41,6.4,6.39,6.38,6.37,6.36,6.35,6.46,6.47,6.48,6.49,6.5,6.51,6.52,6.53,6.54,6.55,45300,5300,18800,64000,30500,2300,500,2600,9000,1500,4200,5300,2200,7800,8200,13400,60800,49500,7600,13600
237.0,6.46,400200,2591902.0,6.45,6.44,6.43,6.41,6.4,6.39,6.38,6.37,6.36,6.35,6.46,6.47,6.48,6.49,6.5,6.51,6.52,6.53,6.54,6.55,45300,5300,18800,64000,30500,2300,500,2600,9000,1500,2900,5300,2200,7800,8200,13400,60800,49500,7600,13600
238.0,6.46,400700,2595132.0,6.45,6.44,6.43,6.41,6.4,6.39,6.38,6.37,6.36,6.35,6.46,6.47,6.48,6.49,6.5,6.51,6.52,6.53,6.54,6.55,45300,5300,18800,64000,30500,2300,500,2600,9000,1500,2400,5300,2200,7800,8200,13400,60800,49500,7600,13600
239.0,6.46,400700,2595132.0,6.45,6.44,6.43,6.41,6.4,6.39,6.38,6.37,6.36,6.35,6.46,6.47,6.48,6.49,6.5,6.51,6.52,6.53,6.54,6.55,45300,5300,18800,64000,30500,2300,500,2600,9000,1500,2400,5300,2200,7800,8200,13400,60800,49500,7600,13600
240.0,6.47,404400,2619047.0,6.46,6.45,6.44,6.43,6.41,6.4,6.39,6.38,6.37,6.36,6.47,6.48,6.49,6.5,6.51,6.52,6.53,6.54,6.55,6.56,15600,45300,5300,18800,64000,30500,2300,500,2600,9000,5400,2200,7800,8200,13400,60800,49500,7600,13600,8800
241.0,6.47,404400,2619047.0,6.46,6.45,6.44,6.43,6.41,6.4,6.39,6.38,6.37,6.36,6.47,6.48,6.49,6.5,6.51,6.52,6.53,6.54,6.55,6.56,15600,45300,5300,18800,64000,30500,2300,500,2600,9000,5400,2200,7800,8200,13400,60800,49500,7600,13600,8800
242.0,6.47,405000,2622929.0,6.46,6.45,6.44,6.43,6.41,6.4,6.39,6.38,6.37,6.36,6.47,6.48,6.49,6.5,6.51,6.52,6.53,6.54,6.55,6.56,15600,45300,5300,18800,64000,30500,2300,500,2600,9000,4800,2200,7800,8200,13400,60800,49500,7600,13600,8800
243.0,6.47,405400,2625517.0,6.46,6.45,6.44,6.43,6.41,6.4,6.39,6.38,6.37,6.36,6.47,6.48,6.49,6.5,6.51,6.52,6.53,6.54,6.55,6.56,15600,45300,5300,18800,64000,30500,2300,500,2600,9000,4400,2200,7800,8200,13400,60800,49500,7600,13600,8800
244.0,6.47,410000,2655279.0,6.47,6.46,6.45,6.44,6.43,6.41,6.4,6.39,6.38,6.37,6.48,6.49,6.5,6.51,6.52,6.53,6.54,6.55,6.56,6.57,2600,16600,45300,5300,18800,64000,30500,2300,500,2600,2200,7800,8200,13400,60800,49500,7600,13600,8800,27200
245.0,6.48,411000,2661759.0,6.47,6.46,6.45,6.44,6.43,6.41,6.4,6.39,6.38,6.37,6.48,6.49,6.5,6.51,6.52,6.53,6.54,6.55,6.56,6.57,2700,16600,45300,5300,18800,64000,30500,2300,500,2600,1200,7800,8200,13400,60800,49500,7600,13600,8800,27200
246.0,6.48,411700,2666295.0,6.47,6.46,6.45,6.44,6.43,6.41,6.4,6.39,6.38,6.37,6.48,6.49,6.5,6.51,6.52,6.53,6.54,6.55,6.56,6.57,2800,16600,45300,5300,18800,64000,30500,2300,500,2600,600,7800,8200,13400,60800,49500,7600,13600,8800,27200
247.0,6.48,411700,2666295.0,6.47,6.46,6.45,6.44,6.43,6.41,6.4,6.39,6.38,6.37,6.48,6.49,6.5,6.51,6.52,6.53,6.54,6.55,6.56,6.57,8000,16600,44200,5300,18800,64000,30500,2300,500,2600,600,7800,8200,13400,60800,49500,7600,13600,8800,27200
248.0,6.48,412200,2669535.0,6.47,6.46,6.45,6.44,6.43,6.41,6.4,6.39,6.38,6.37,6.48,6.49,6.5,6.51,6.52,6.53,6.54,6.55,6.56,6.57,8000,16600,44200,5300,18800,64000,30500,2300,500,2600,16400,7800,8200,13400,60800,49500,7600,13600,8800,27200
249.0,6.48,413700,2679255.0,6.47,6.46,6.45,6.44,6.43,6.41,6.4,6.39,6.38,6.37,6.48,6.49,6.5,6.51,6.52,6.53,6.54,6.55,6.56,6.57,8000,16600,44200,5300,18800,64000,30500,2300,500,2600,14900,7800,8200,13400,60800,49500,7600,13600,8800,27200
250.0,6.48,417400,2703231.0,6.47,6.46,6.45,6.44,6.43,6.41,6.4,6.39,6.38,6.37,6.48,6.49,6.5,6.51,6.52,6.53,6.54,6.55,6.56,6.57,8000,16600,44200,5300,18800,64000,30500,2300,500,2600,11200,7800,8200,13400,60800,49500,7600,13600,8800,27200
251.0,6.48,417400,2703231.0,6.47,6.46,6.45,6.44,6.43,6.41,6.4,6.39,6.38,6.37,6.48,6.49,6.5,6.51,6.52,6.53,6.54,6.55,6.56,6.57,8000,16600,44200,5300,18800,64000,30500,2300,500,2600,11200,7800,8200,13400,60800,49500,7600,13600,8800,27200
252.0,6.48,417400,2703231.0,6.47,6.46,6.45,6.44,6.43,6.41,6.4,6.39,6.38,6.37,6.48,6.49,6.5,6.51,6.52,6.53,6.54,6.55,6.56,6.57,8000,16600,44200,5300,18800,64000,30500,2300,500,2600,11200,7800,8200,13400,60800,49500,7600,13600,8800,27200
253.0,6.48,417400,2703231.0,6.47,6.46,6.45,6.44,6.43,6.41,6.4,6.39,6.38,6.37,6.48,6.49,6.5,6.51,6.52,6.53,6.54,6.55,6.56,6.57,8000,16600,44200,5300,18800,64000,30500,2300,500,2600,11200,7800,8200,13400,60800,49500,7600,13600,8800,27200
254.0,6.48,417400,2703231.0,6.47,6.46,6.45,6.44,6.43,6.41,6.4,6.39,6.38,6.37,6.48,6.49,6.5,6.51,6.52,6.53,6.54,6.55,6.56,6.57,8100,18600,44200,5300,18800,64000,30500,2300,500,2600,11200,7800,8200,13400,60800,49500,7600,13600,8800,27200
255.0,6.48,417400,2703231.0,6.47,6.46,6.45,6.44,6.43,6.41,6.4,6.39,6.38,6.37,6.48,6.49,6.5,6.51,6.52,6.53,6.54,6.55,6.56,6.57,8100,18600,44200,5300,18800,64000,30500,2300,500,2600,11200,7800,8200,13400,60800,49500,7600,13600,8800,27200
256.0,6.48,418500,2710359.0,6.47,6.46,6.45,6.44,6.43,6.41,6.4,6.39,6.38,6.37,6.48,6.49,6.5,6.51,6.52,6.53,6.54,6.55,6.56,6.57,8100,18600,44200,5300,18800,64000,30500,2300,500,2600,10100,7800,8200,13400,60800,49500,7600,13600,8800,27200
257.0,6.48,419500,2716839.0,6.47,6.46,6.45,6.44,6.43,6.41,6.4,6.39,6.38,6.37,6.48,6.49,6.5,6.51,6.52,6.53,6.54,6.55,6.56,6.57,8200,18600,44200,5300,18800,64000,30500,2300,500,2600,9100,7800,8200,13400,60800,49500,7600,13600,8800,27200
258.0,6.48,419500,2716839.0,6.47,6.46,6.45,6.44,6.43,6.41,6.4,6.39,6.38,6.37,6.48,6.49,6.5,6.51,6.52,6.53,6.54,6.55,6.56,6.57,8200,18600,44200,5300,18800,64000,30500,2300,500,2600,9100,7800,8200,13400,60800,49500,7600,13600,8800,27200
259.0,6.48,419500,2716839.0,6.47,6.46,6.45,6.44,6.43,6.41,6.4,6.39,6.38,6.37,6.48,6.49,6.5,6.51,6.52,6.53,6.54,6.55,6.56,6.57,8700,19000,44200,5300,18800,64000,30500,2300,500,2600,9100,7800,8200,13400,60800,49500,7600,13600,8800,27200
260.0,6.48,420400,2722671.0,6.47,6.46,6.45,6.44,6.43,6.41,6.4,6.39,6.38,6.37,6.48,6.49,6.5,6.51,6.52,6.53,6.54,6.55,6.56,6.57,8700,19000,42600,5300,18800,64000,30500,2300,500,2600,8200,7800,8200,13400,60800,49500,7600,13600,8800,27200
261.0,6.48,420400,2722671.0,6.47,6.46,6.45,6.44,6.43,6.41,6.4,6.39,6.38,6.37,6.48,6.49,6.5,6.51,6.52,6.53,6.54,6.55,6.56,6.57,8700,19000,42600,5300,18800,64000,30500,2300,500,2600,8200,7800,8200,13400,60800,49500,7600,13600,8800,27200
262.0,6.48,422000,2733039.0,6.47,6.46,6.45,6.44,6.43,6.41,6.4,6.39,6.38,6.37,6.48,6.49,6.5,6.51,6.52,6.53,6.54,6.55,6.56,6.57,8700,19000,42600,5300,18800,64000,30500,2300,500,2600,6600,7800,8200,13400,60800,49500,7600,13600,8800,27200
263.0,6.48,422600,2736927.0,6.47,6.46,6.45,6.44,6.43,6.41,6.4,6.39,6.38,6.37,6.48,6.49,6.5,6.51,6.52,6.53,6.54,6.55,6.56,6.57,8800,19000,52600,5300,18800,64000,30500,2300,500,2600,6000,7800,8200,13400,60800,49500,7600,13600,8800,27200
264.0,6.48,422600,2736927.0,6.47,6.46,6.45,6.44,6.43,6.41,6.4,6.39,6.38,6.37,6.48,6.49,6.5,6.51,6.52,6.53,6.54,6.55,6.56,6.57,8800,18000,52600,5300,18800,64000,30500,2300,500,2600,6000,7800,8200,13400,60800,49500,7600,13600,8800,27200
265.0,6.48,422600,2736927.0,6.47,6.46,6.45,6.44,6.43,6.41,6.4,6.39,6.38,6.37,6.48,6.49,6.5,6.51,6.52,6.53,6.54,6.55,6.56,6.57,8900,18000,52600,5300,18800,64000,30500,2300,500,2600,6000,7800,8200,13400,60800,49500,7600,13600,8800,27200
266.0,6.48,423200,2740815.0,6.47,6.46,6.45,6.44,6.43,6.41,6.4,6.39,6.38,6.37,6.48,6.49,6.5,6.51,6.52,6.53,6.54,6.55,6.56,6.57,8900,18000,52600,5300,18800,64000,30500,2300,500,2600,5500,7800,8200,13400,60800,49500,7600,13600,8800,27200
267.0,6.48,423300,2741463.0,6.47,6.46,6.45,6.44,6.43,6.41,6.4,6.39,6.38,6.37,6.48,6.49,6.5,6.51,6.52,6.53,6.54,6.55,6.56,6.57,8900,18000,52600,5300,18800,64000,30500,2300,500,2600,5400,7800,8200,13400,60800,49500,7600,13600,8800,27200
268.0,6.48,423300,2741463.0,6.47,6.46,6.45,6.44,6.43,6.41,6.4,6.39,6.38,6.37,6.48,6.49,6.5,6.51,6.52,6.53,6.54,6.55,6.56,6.57,8900,18000,52600,5300,18800,64000,30500,2300,500,2600,5400,7800,8200,13400,60800,49500,7600,13600,8800,27200
269.0,6.48,423300,2741463.0,6.47,6.46,6.45,6.44,6.43,6.41,6.4,6.39,6.38,6.37,6.48,6.49,6.5,6.51,6.52,6.53,6.54,6.55,6.56,6.57,8900,18000,52600,5300,18800,64000,30500,2300,500,2600,5400,7800,8200,13400,60800,49500,7600,13600,8800,27200
270.0,6.48,423800,2744703.0,6.47,6.46,6.45,6.44,6.43,6.41,6.4,6.39,6.38,6.37,6.48,6.49,6.5,6.51,6.52,6.53,6.54,6.55,6.56,6.57,8900,18000,52600,5300,18800,64000,30500,2300,500,2600,4900,7800,8200,13400,60800,49500,7600,13600,8800,27200
271.0,6.48,423800,2744703.0,6.47,6.46,6.45,6.44,6.43,6.41,6.4,6.39,6.38,6.37,6.48,6.49,6.5,6.51,6.52,6.53,6.54,6.55,6.56,6.57,8900,18000,52600,5300,18800,64000,30500,2300,500,2600,4900,7800,8200,13400,60800,49500,7600,13600,8800,27200
272.0,6.48,423800,2744703.0,6.47,6.46,6.45,6.44,6.43,6.41,6.4,6.39,6.38,6.37,6.48,6.49,6.5,6.51,6.52,6.53,6.54,6.55,6.56,6.57,8900,18000,52600,5300,18800,64000,30500,2300,500,2600,4900,7800,8200,13400,60800,49500,7600,13600,8800,27200
273.0,6.48,425100,2753127.0,6.47,6.46,6.45,6.44,6.43,6.41,6.4,6.39,6.38,6.37,6.48,6.49,6.5,6.51,6.52,6.53,6.54,6.55,6.56,6.57,9900,18000,52600,5300,18800,64000,30500,2300,500,2600,3600,7800,8200,13400,60800,49500,7600,13600,8800,27200
274.0,6.47,425400,2755068.0,6.47,6.46,6.45,6.44,6.43,6.41,6.4,6.39,6.38,6.37,6.48,6.49,6.5,6.51,6.52,6.53,6.54,6.55,6.56,6.57,9600,18000,52600,5300,18800,64000,30500,2300,500,2600,3700,7800,8200,13400,60800,49500,7600,13600,8800,27200
275.0,6.47,426600,2762832.0,6.47,6.46,6.45,6.44,6.43,6.41,6.4,6.39,6.38,6.37,6.48,6.49,6.5,6.51,6.52,6.53,6.54,6.55,6.56,6.57,8400,18000,52600,5300,18800,64000,30500,2300,500,2600,3700,7800,8200,13400,60800,49500,7600,13600,8800,27200
276.0,6.47,426600,2762832.0,6.47,6.46,6.45,6.44,6.43,6.41,6.4,6.39,6.38,6.37,6.48,6.49,6.5,6.51,6.52,6.53,6.54,6.55,6.56,6.57,8400,18000,52600,5300,18800,64000,30500,2300,500,2600,3700,7800,8200,13400,60800,49500,7600,13600,8800,27200
277.0,6.48,426900,2764776.0,6.47,6.46,6.45,6.44,6.43,6.41,6.4,6.39,6.38,6.37,6.48,6.49,6.5,6.51,6.52,6.53,6.54,6.55,6.56,6.57,8400,2400,37000,5300,18800,64000,30500,2300,500,2600,4900,7800,8200,13400,60800,49500,7600,13600,8800,27200
278.0,6.48,427400,2768016.0,6.47,6.46,6.45,6.44,6.43,6.41,6.4,6.39,6.38,6.37,6.48,6.49,6.5,6.51,6.52,6.53,6.54,6.55,6.56,6.57,8400,2400,37000,5300,18800,64000,30500,2300,500,2600,4400,7800,8200,13400,60800,49500,7600,13600,8800,27200
279.0,6.47,434400,2813310.0,6.47,6.46,6.45,6.44,6.43,6.41,6.4,6.39,6.38,6.37,6.48,6.49,6.5,6.51,6.52,6.53,6.54,6.55,6.56,6.57,1800,2400,37000,5300,18800,64000,30500,2300,500,2600,4000,7800,8200,13400,60800,49500,7600,13600,8800,27200
280.0,6.47,437000,2830133.0,6.46,6.45,6.44,6.43,6.41,6.4,6.39,6.38,6.37,6.36,6.48,6.49,6.5,6.51,6.52,6.53,6.54,6.55,6.56,6.57,2100,37000,5300,18800,64000,30500,2300,500,2600,9000,3600,7800,8200,13400,60800,49500,7600,13600,8800,27200
281.0,6.47,437000,2830133.0,6.46,6.45,6.44,6.43,6.41,6.4,6.39,6.38,6.37,6.36,6.47,6.48,6.49,6.5,6.51,6.52,6.53,6.54,6.55,6.56,2100,37000,5300,18800,64000,30500,2300,500,2600,9000,100,23800,7800,8200,13400,60800,49500,7600,13600,8800
282.0,6.47,437000,2830133.0,6.46,6.45,6.44,6.43,6.41,6.4,6.39,6.38,6.37,6.36,6.47,6.48,6.49,6.5,6.51,6.52,6.53,6.54,6.55,6.56,2100,37000,5300,18800,64000,30500,2300,500,2600,9000,100,23800,7800,8200,13400,60800,49500,7600,13600,8800
283.0,6.48,440900,2855404.0,6.46,6.45,6.44,6.43,6.41,6.4,6.39,6.38,6.37,6.36,6.48,6.49,6.5,6.51,6.52,6.53,6.54,6.55,6.56,6.57,2100,37000,5300,18800,64000,30500,2300,500,2600,9000,20000,7800,14200,13400,60800,49500,7600,13600,8800,27200
284.0,6.48,440900,2855404.0,6.46,6.45,6.44,6.43,6.41,6.4,6.39,6.38,6.37,6.36,6.48,6.49,6.5,6.51,6.52,6.53,6.54,6.55,6.56,6.57,2100,37000,5300,18800,64000,30500,2300,500,2600,9000,40000,7800,14200,13400,60800,49500,7600,13600,8800,27200
285.0,6.48,443900,2874844.0,6.46,6.45,6.44,6.43,6.41,6.4,6.39,6.38,6.37,6.36,6.48,6.49,6.5,6.51,6.52,6.53,6.54,6.55,6.56,6.57,2400,37000,5300,18800,64000,30500,2300,500,2600,9000,37900,7800,14200,13400,60800,49500,7600,13600,8800,27200
286.0,6.48,445400,2884564.0,6.46,6.45,6.44,6.43,6.41,6.4,6.39,6.38,6.37,6.36,6.48,6.49,6.5,6.51,6.52,6.53,6.54,6.55,6.56,6.57,2400,37000,5300,18800,64000,30500,2300,500,2600,9000,36400,10300,14200,13400,60800,49500,7600,13600,8800,27200
287.0,6.48,446900,2894284.0,6.46,6.45,6.44,6.43,6.41,6.4,6.39,6.38,6.37,6.36,6.48,6.49,6.5,6.51,6.52,6.53,6.54,6.55,6.56,6.57,2700,37000,5300,18800,64000,30500,2300,500,2600,9000,35200,10300,14200,13400,60800,49500,7600,13600,8800,27200
288.0,6.48,447100,2895580.0,6.46,6.45,6.44,6.43,6.41,6.4,6.39,6.38,6.37,6.36,6.48,6.49,6.5,6.51,6.52,6.53,6.54,6.55,6.56,6.57,2700,37000,5300,18800,64000,30500,2300,500,2600,9000,35000,10300,14200,13400,60800,49500,7600,13600,8800,27200
289.0,6.48,447100,2895580.0,6.46,6.45,6.44,6.43,6.41,6.4,6.39,6.38,6.37,6.36,6.48,6.49,6.5,6.51,6.52,6.53,6.54,6.55,6.56,6.57,3000,37000,5300,18800,64000,30500,2300,500,2600,9000,35300,10300,14200,13400,60800,49500,7600,13600,8800,27200
290.0,6.48,448600,2905300.0,6.47,6.46,6.45,6.44,6.43,6.41,6.4,6.39,6.38,6.37,6.48,6.49,6.5,6.51,6.52,6.53,6.54,6.55,6.56,6.57,2200,2600,37000,5300,18800,64000,30500,2300,500,2600,33900,10300,14200,13400,60800,49500,7600,13600,8800,27200
291.0,6.48,448600,2905300.0,6.47,6.46,6.45,6.44,6.43,6.41,6.4,6.39,6.38,6.37,6.48,6.49,6.5,6.51,6.52,6.53,6.54,6.55,6.56,6.57,2200,2600,37000,5300,18800,64000,30500,2300,500,2600,33900,10300,14200,13400,60800,49500,7600,13600,8800,27200
292.0,6.48,448600,2905300.0,6.47,6.46,6.45,6.44,6.43,6.41,6.4,6.39,6.38,6.37,6.48,6.49,6.5,6.51,6.52,6.53,6.54,6.55,6.56,6.57,2200,2600,37000,5300,18800,64000,30500,2300,500,2600,33900,10300,14200,13400,60800,49500,7600,13600,8800,27200
293.0,6.48,450100,2915020.0,6.47,6.46,6.45,6.44,6.43,6.41,6.4,6.39,6.38,6.37,6.48,6.49,6.5,6.51,6.52,6.53,6.54,6.55,6.56,6.57,4800,2600,37000,6000,18800,64000,30500,2300,500,2600,32400,10300,14200,13400,60800,49500,7600,13600,8800,27200
294.0,6.48,451600,2924740.0,6.47,6.46,6.45,6.44,6.43,6.41,6.4,6.39,6.38,6.37,6.48,6.49,6.5,6.51,6.52,6.53,6.54,6.55,6.56,6.57,4800,2600,37000,6000,18800,64000,30500,2300,500,2600,30900,10300,14200,13400,60800,49500,7600,13600,8800,27200
295.0,6.48,451600,2924740.0,6.47,6.46,6.45,6.44,6.43,6.41,6.4,6.39,6.38,6.37,6.48,6.49,6.5,6.51,6.52,6.53,6.54,6.55,6.56,6.57,4800,2600,37000,6000,18800,64000,30500,2300,500,2600,31000,10300,14200,13400,62800,49500,7600,13600,8800,27200
296.0,6.48,451600,2924740.0,6.47,6.46,6.45,6.44,6.43,6.41,6.4,6.39,6.38,6.37,6.48,6.49,6.5,6.51,6.52,6.53,6.54,6.55,6.56,6.57,4800,2600,37000,6000,18800,64000,30500,2300,500,2600,31000,10300,14200,13400,62800,49500,7600,13600,8800,27200
297.0,6.48,456100,2953900.0,6.47,6.46,6.45,6.44,6.43,6.41,6.4,6.39,6.38,6.37,6.48,6.49,6.5,6.51,6.52,6.53,6.54,6.55,6.56,6.57,4800,2600,37000,6000,18800,64000,30500,2300,500,2600,26500,10300,14200,13400,62800,49500,7600,13600,8800,27200
298.0,6.48,456100,2953900.0,6.47,6.46,6.45,6.44,6.43,6.41,6.4,6.39,6.38,6.37,6.48,6.49,6.5,6.51,6.52,6.53,6.54,6.55,6.56,6.57,5200,2600,37000,6000,18800,64000,30500,2300,500,2600,26500,10300,14200,13400,62800,49500,7600,13600,8800,27200
299.0,6.47,456500,2956488.0,6.47,6.46,6.45,6.44,6.43,6.41,6.4,6.39,6.38,6.37,6.48,6.49,6.5,6.51,6.52,6.53,6.54,6.55,6.56,6.57,8500,2600,37000,6000,18800,64000,30500,2300,500,2600,26900,10300,14200,13400,62800,49500,7600,13600,8800,27200
300.0,6.47,456500,2956488.0,6.47,6.46,6.45,6.44,6.43,6.41,6.4,6.39,6.38,6.37,6.48,6.49,6.5,6.51,6.52,6.53,6.54,6.55,6.56,6.57,8500,2600,37000,6000,18800,64000,30500,2300,500,2600,26900,10300,14200,13400,62800,49500,7600,13600,8800,27200
301.0,6.48,458000,2966208.0,6.47,6.46,6.45,6.44,6.43,6.41,6.4,6.39,6.38,6.37,6.48,6.49,6.5,6.51,6.52,6.53,6.54,6.55,6.56,6.57,8500,2600,37000,6000,18800,64000,30500,2300,500,2600,25400,10300,14200,13400,62800,49500,7600,13600,8800,27200
302.0,6.48,458300,2968152.0,6.47,6.46,6.45,6.44,6.43,6.41,6.4,6.39,6.38,6.37,6.48,6.49,6.5,6.51,6.52,6.53,6.54,6.55,6.56,6.57,9100,2600,37000,6000,18800,64000,30500,2300,500,2600,25100,10300,14200,13400,62800,49500,7600,13600,8800,27200
303.0,6.48,458300,2968152.0,6.47,6.46,6.45,6.44,6.43,6.41,6.4,6.39,6.38,6.37,6.48,6.49,6.5,6.51,6.52,6.53,6.54,6.55,6.56,6.57,9100,2600,27000,6000,18800,64000,30500,2300,500,2600,25100,10300,14200,13400,62800,49500,7600,13600,8800,27200
304.0,6.48,458300,2968152.0,6.47,6.46,6.45,6.44,6.43,6.41,6.4,6.39,6.38,6.37,6.48,6.49,6.5,6.51,6.52,6.53,6.54,6.55,6.56,6.57,9100,6500,27000,6000,18800,64000,30500,2300,500,2600,25100,10300,14200,13400,62800,49500,7600,13600,8800,27200
305.0,6.48,458300,2968152.0,6.47,6.46,6.45,6.44,6.43,6.41,6.4,6.39,6.38,6.37,6.48,6.49,6.5,6.51,6.52,6.53,6.54,6.55,6.56,6.57,9100,6500,27000,6000,18800,64000,30500,2300,500,2600,25700,10300,14200,13400,62800,49500,7600,13600,8800,27200
306.0,6.48,458300,2968152.0,6.47,6.46,6.45,6.44,6.43,6.41,6.4,6.39,6.38,6.37,6.48,6.49,6.5,6.51,6.52,6.53,6.54,6.55,6.56,6.57,9100,6500,27000,6000,18800,64000,30500,2300,500,2600,28000,10300,14200,13400,62800,49500,7600,13600,8800,27200
307.0,6.48,458400,2968800.0,6.47,6.46,6.45,6.44,6.43,6.41,6.4,6.39,6.38,6.37,6.48,6.49,6.5,6.51,6.52,6.53,6.54,6.55,6.56,6.57,9100,6500,27000,6000,18800,64000,30500,2300,500,2600,27900,10300,14200,13400,62800,49500,7600,13600,8800,27200
308.0,6.48,461400,2988240.0,6.47,6.46,6.45,6.44,6.43,6.41,6.4,6.39,6.38,6.37,6.48,6.49,6.5,6.51,6.52,6.53,6.54,6.55,6.56,6.57,9100,6500,27000,6000,18800,64000,30500,2300,500,2600,24900,10300,14200,13400,62800,49500,7600,13600,8800,27200
309.0,6.48,464500,3008328.0,6.47,6.46,6.45,6.44,6.43,6.41,6.4,6.39,6.38,6.37,6.48,6.49,6.5,6.51,6.52,6.53,6.54,6.55,6.56,6.57,9100,6500,27000,6000,18800,64000,30500,2300,500,2600,21800,10300,14200,13400,62800,49500,7600,13600,8800,27200
310.0,6.48,464600,3008976.0,6.47,6.46,6.45,6.44,6.43,6.41,6.4,6.39,6.38,6.37,6.48,6.49,6.5,6.51,6.52,6.53,6.54,6.55,6.56,6.57,13700,6500,27000,6000,18800,64000,30500,2300,500,2600,21700,10300,14200,13400,62800,49500,7600,13600,8800,27200
311.0,6.48,464600,3008976.0,6.47,6.46,6.45,6.44,6.43,6.41,6.4,6.39,6.38,6.37,6.48,6.49,6.5,6.51,6.52,6.53,6.54,6.55,6.56,6.57,13700,6500,27000,6000,18800,64000,30500,2300,500,2600,21700,10300,14200,13400,62800,49500,7600,13600,8800,27200
312.0,6.48,464600,3008976.0,6.47,6.46,6.45,6.44,6.43,6.41,6.4,6.39,6.38,6.37,6.48,6.49,6.5,6.51,6.52,6.53,6.54,6.55,6.56,6.57,13700,6500,27000,6000,18800,64000,30500,2300,500,2600,21800,10300,14200,13400,62800,49500,7600,13600,8800,27200
313.0,6.48,464600,3008976.0,6.47,6.46,6.45,6.44,6.43,6.41,6.4,6.39,6.38,6.37,6.48,6.49,6.5,6.51,6.52,6.53,6.54,6.55,6.56,6.57,13700,6500,27000,6000,18800,64000,30500,2300,500,2600,21800,10300,14200,13100,62800,49500,7600,13600,8800,27200
314.0,6.48,464600,3008976.0,6.47,6.46,6.45,6.44,6.43,6.41,6.4,6.39,6.38,6.37,6.48,6.49,6.5,6.51,6.52,6.53,6.54,6.55,6.56,6.57,13700,6500,27000,6000,18800,64000,30500,2300,500,2600,21800,10300,14200,13100,62800,49500,7600,13600,8800,27200
315.0,6.48,464700,3009624.0,6.47,6.46,6.45,6.44,6.43,6.41,6.4,6.39,6.38,6.37,6.48,6.49,6.5,6.51,6.52,6.53,6.54,6.55,6.56,6.57,13800,6500,27000,6000,18800,64000,30500,2300,500,2600,21700,10300,14200,11200,62800,49500,7600,13600,8800,27200
316.0,6.48,467700,3029064.0,6.47,6.46,6.45,6.44,6.43,6.41,6.4,6.39,6.38,6.37,6.48,6.49,6.5,6.51,6.52,6.53,6.54,6.55,6.56,6.57,13800,6500,27000,6000,18800,64000,30500,2300,500,2600,18800,10400,14200,11200,62800,49500,7600,13600,8800,27200
317.0,6.48,467700,3029064.0,6.47,6.46,6.45,6.44,6.43,6.41,6.4,6.39,6.38,6.37,6.48,6.49,6.5,6.51,6.52,6.53,6.54,6.55,6.56,6.57,13800,6500,27000,6000,18800,64000,30500,2300,500,2600,18800,10400,14200,11200,62800,49500,7600,13600,8800,27200
318.0,6.48,467700,3029064.0,6.47,6.46,6.45,6.44,6.43,6.41,6.4,6.39,6.38,6.37,6.48,6.49,6.5,6.51,6.52,6.53,6.54,6.55,6.56,6.57,14400,6500,27000,6000,18800,64000,30500,2300,500,2600,18900,10400,14200,11200,62800,49500,7600,13600,8800,27200
319.0,6.48,469200,3038784.0,6.47,6.46,6.45,6.44,6.43,6.41,6.4,6.39,6.38,6.37,6.48,6.49,6.5,6.51,6.52,6.53,6.54,6.55,6.56,6.57,14400,6500,27000,6000,18800,64000,30500,2300,500,2600,17500,10400,14200,11200,62800,49500,7600,13600,8800,27200
320.0,6.47,472000,3056900.0,6.47,6.46,6.45,6.44,6.43,6.41,6.4,6.39,6.38,6.37,6.48,6.49,6.5,6.51,6.52,6.53,6.54,6.55,6.56,6.57,11600,6500,27000,6000,18800,64000,30500,2300,500,2600,17400,10400,14200,11200,62800,49500,7600,13600,8800,27200
321.0,6.47,472000,3056900.0,6.47,6.46,6.45,6.44,6.43,6.41,6.4,6.39,6.38,6.37,6.48,6.49,6.5,6.51,6.52,6.53,6.54,6.55,6.56,6.57,11600,6500,27000,6000,18800,64000,30500,2300,500,2600,17400,10400,14200,11200,62800,49500,7600,13600,8800,27200
322.0,6.48,473500,3066620.0,6.47,6.46,6.45,6.44,6.43,6.41,6.4,6.39,6.38,6.37,6.48,6.49,6.5,6.51,6.52,6.53,6.54,6.55,6.56,6.57,7000,6500,27000,6000,18800,64000,30500,2300,500,2600,16000,10400,14200,11200,62800,49500,7600,13600,8800,27200
323.0,6.48,473500,3066620.0,6.47,6.46,6.45,6.44,6.43,6.41,6.4,6.39,6.38,6.37,6.48,6.49,6.5,6.51,6.52,6.53,6.54,6.55,6.56,6.57,7000,6500,27000,6000,18800,64000,30500,2300,500,2600,16000,10400,14200,11200,62800,49500,7600,13600,8800,27200
324.0,6.47,475100,3076987.0,6.47,6.46,6.45,6.44,6.43,6.41,6.4,6.39,6.38,6.37,6.48,6.49,6.5,6.51,6.52,6.53,6.54,6.55,6.56,6.57,5400,6500,27000,6000,18800,64000,30500,2300,500,2600,14500,10400,14200,11200,62800,49500,7600,13600,8800,27200
325.0,6.48,476600,3086707.0,6.47,6.46,6.45,6.44,6.43,6.41,6.4,6.39,6.38,6.37,6.48,6.49,6.5,6.51,6.52,6.53,6.54,6.55,6.56,6.57,5400,6500,27000,6000,18800,64000,30500,2300,500,2600,13000,10400,14200,11200,62800,49500,7600,13600,8800,27200
326.0,6.47,477000,3089295.0,6.47,6.46,6.45,6.44,6.43,6.41,6.4,6.39,6.38,6.37,6.48,6.49,6.5,6.51,6.52,6.53,6.54,6.55,6.56,6.57,5000,6500,27000,6000,18800,64000,30500,2300,500,2600,13000,10400,14200,11200,62800,49500,7600,13600,8800,27200
327.0,6.47,477000,3089295.0,6.47,6.46,6.45,6.44,6.43,6.41,6.4,6.39,6.38,6.37,6.48,6.49,6.5,6.51,6.52,6.53,6.54,6.55,6.56,6.57,5000,6500,27000,6000,18800,64000,30500,2300,500,2600,13500,10400,14200,11200,62800,49500,7600,13600,8800,27200
328.0,6.47,477000,3089295.0,6.47,6.46,6.45,6.44,6.43,6.41,6.4,6.39,6.38,6.37,6.48,6.49,6.5,6.51,6.52,6.53,6.54,6.55,6.56,6.57,5000,6500,27000,6000,18800,64000,30500,2300,500,2600,13800,10400,14200,11200,62800,49500,7600,13600,8800,27200
329.0,6.47,482400,3124233.0,6.46,6.45,6.44,6.43,6.41,6.4,6.39,6.38,6.37,6.36,6.47,6.48,6.49,6.5,6.51,6.52,6.53,6.54,6.55,6.56,14300,27000,6000,18800,64000,30500,2300,500,2600,9000,6300,13800,10400,14200,11200,62800,49500,7600,13600,8800
330.0,6.47,497400,3221369.0,6.47,6.46,6.45,6.44,6.43,6.41,6.4,6.39,6.38,6.37,6.48,6.49,6.5,6.51,6.52,6.53,6.54,6.55,6.56,6.57,7200,14300,27000,6000,18800,64000,30500,2300,500,2600,5800,10500,14200,11200,62800,49500,7600,13600,8800,27200
331.0,6.48,498200,3226553.0,6.47,6.46,6.45,6.44,6.43,6.41,6.4,6.39,6.38,6.37,6.48,6.49,6.5,6.51,6.52,6.53,6.54,6.55,6.56,6.57,12000,14300,27000,6000,18800,64000,30500,2300,500,2600,5000,10500,14200,11200,62800,49500,7600,13600,8800,27200
332.0,6.47,500600,3242081.0,6.47,6.46,6.45,6.44,6.43,6.41,6.4,6.39,6.38,6.37,6.48,6.49,6.5,6.51,6.52,6.53,6.54,6.55,6.56,6.57,9600,14300,27000,6000,18800,64000,30500,2300,500,2600,5000,10400,14200,11200,62800,49500,7600,13600,8800,27200
333.0,6.48,500700,3242729.0,6.47,6.46,6.45,6.44,6.43,6.41,6.4,6.39,6.38,6.37,6.48,6.49,6.5,6.51,6.52,6.53,6.54,6.55,6.56,6.57,9600,14300,27000,6000,18800,64000,30500,2300,500,2600,6800,10400,14200,11200,62800,49500,7600,13600,8800,27200
334.0,6.48,500800,3243377.0,6.47,6.46,6.45,6.44,6.43,6.41,6.4,6.39,6.38,6.37,6.48,6.49,6.5,6.51,6.52,6.53,6.54,6.55,6.56,6.57,9600,14300,27000,6000,18800,64000,30500,2300,500,2600,6700,10400,14200,11200,62800,49500,7600,13600,8800,27200
335.0,6.48,500900,3244025.0,6.47,6.46,6.45,6.44,6.43,6.41,6.4,6.39,6.38,6.37,6.48,6.49,6.5,6.51,6.52,6.53,6.54,6.55,6.56,6.57,10300,14300,27000,6000,18800,64000,30500,2300,500,2600,6600,10400,14200,11200,62800,49500,7600,13600,8800,27200
336.0,6.48,500900,3244025.0,6.47,6.46,6.45,6.44,6.43,6.41,6.4,6.39,6.38,6.37,6.48,6.49,6.5,6.51,6.52,6.53,6.54,6.55,6.56,6.57,10300,14300,27000,6000,18800,64000,30500,2300,500,2600,6600,10400,14200,11200,62800,49500,7600,13600,8800,27200
337.0,6.48,500900,3244025.0,6.47,6.46,6.45,6.44,6.43,6.41,6.4,6.39,6.38,6.37,6.48,6.49,6.5,6.51,6.52,6.53,6.54,6.55,6.56,6.57,10300,14300,27000,6000,18800,64000,30500,2300,500,2600,6600,10400,14200,11200,62800,49500,7600,13600,8800,27200
338.0,6.48,500900,3244025.0,6.47,6.46,6.45,6.44,6.43,6.41,6.4,6.39,6.38,6.37,6.48,6.49,6.5,6.51,6.52,6.53,6.54,6.55,6.56,6.57,10300,14300,27000,6000,18800,64000,30500,2300,500,2600,6600,10400,14200,11200,62800,49500,7600,13600,8800,27200
339.0,6.48,501000,3244673.0,6.47,6.46,6.45,6.44,6.43,6.41,6.4,6.39,6.38,6.37,6.48,6.49,6.5,6.51,6.52,6.53,6.54,6.55,6.56,6.57,10300,14300,27000,6000,18800,64000,30500,2300,500,2600,6600,10400,14200,11200,66300,49500,7600,13600,8800,27200
340.0,6.48,501700,3249209.0,6.47,6.46,6.45,6.44,6.43,6.41,6.4,6.39,6.38,6.37,6.48,6.49,6.5,6.51,6.52,6.53,6.54,6.55,6.56,6.57,10300,14300,27000,6000,18800,64000,30500,2300,500,2600,5900,10400,14200,11200,66300,49500,7600,13600,8800,27200
341.0,6.48,501700,3249209.0,6.47,6.46,6.45,6.44,6.43,6.41,6.4,6.39,6.38,6.37,6.48,6.49,6.5,6.51,6.52,6.53,6.54,6.55,6.56,6.57,10300,14300,27000,6000,18800,64000,30500,2300,500,2600,5900,10400,14200,11200,66300,49500,7600,13600,8800,27200
342.0,6.48,501700,3249209.0,6.47,6.46,6.45,6.44,6.43,6.41,6.4,6.39,6.38,6.37,6.48,6.49,6.5,6.51,6.52,6.53,6.54,6.55,6.56,6.57,10300,14300,27000,6000,18800,64000,30500,2300,500,2600,5900,10500,14200,11200,66300,49500,7600,13600,8800,27200
343.0,6.47,503700,3262149.0,6.47,6.46,6.45,6.44,6.43,6.41,6.4,6.39,6.38,6.37,6.48,6.49,6.5,6.51,6.52,6.53,6.54,6.55,6.56,6.57,8300,14300,27000,6000,18800,64000,30500,2300,500,2600,5900,10500,14200,11200,66300,49500,7600,13600,8800,27200
344.0,6.47,503700,3262149.0,6.47,6.46,6.45,6.44,6.43,6.41,6.4,6.39,6.38,6.37,6.48,6.49,6.5,6.51,6.52,6.53,6.54,6.55,6.56,6.57,8300,14300,27000,6000,18800,64000,30500,2300,500,2600,5900,10500,14200,11200,66300,49500,7600,13600,8800,27200
345.0,6.47,503700,3262149.0,6.47,6.46,6.45,6.44,6.43,6.41,6.4,6.39,6.38,6.37,6.48,6.49,6.5,6.51,6.52,6.53,6.54,6.55,6.56,6.57,8300,14300,27000,6000,18800,64000,30500,2300,500,2600,5900,10500,14200,11200,66300,49500,7600,13600,8800,27200
346.0,6.48,504200,3265389.0,6.47,6.46,6.45,6.44,6.43,6.41,6.4,6.39,6.38,6.37,6.48,6.49,6.5,6.51,6.52,6.53,6.54,6.55,6.56,6.57,8300,14300,27000,6000,18800,64000,30500,2300,500,2600,5400,10500,14200,9900,66300,49500,7600,13600,8800,27200
347.0,6.48,504200,3265389.0,6.47,6.46,6.45,6.44,6.43,6.41,6.4,6.39,6.38,6.37,6.48,6.49,6.5,6.51,6.52,6.53,6.54,6.55,6.56,6.57,8300,14300,27000,6000,18800,64000,30500,2300,500,2600,5400,10500,14200,9900,66300,49500,7600,13600,8800,27200
348.0,6.48,504200,3265389.0,6.47,6.46,6.45,6.44,6.43,6.41,6.4,6.39,6.38,6.37,6.48,6.49,6.5,6.51,6.52,6.53,6.54,6.55,6.56,6.57,8300,14300,27000,6000,18800,64000,30500,2300,500,2600,5400,10500,14200,9900,66300,49500,7600,13600,8800,27200
349.0,6.48,504200,3265389.0,6.47,6.46,6.45,6.44,6.43,6.41,6.4,6.39,6.38,6.37,6.48,6.49,6.5,6.51,6.52,6.53,6.54,6.55,6.56,6.57,8500,14300,27000,6000,18800,64000,30500,2300,500,2600,5400,10500,14200,9900,66300,49500,7600,13600,8800,27200
350.0,6.47,504500,3267330.0,6.47,6.46,6.45,6.44,6.43,6.41,6.4,6.39,6.38,6.37,6.48,6.49,6.5,6.51,6.52,6.53,6.54,6.55,6.56,6.57,8200,14300,27000,6000,18800,64000,30500,2300,500,2600,5400,10500,14200,9900,66300,49500,7600,13600,8800,27200
351.0,6.47,504500,3267330.0,6.47,6.46,6.45,6.44,6.43,6.41,6.4,6.39,6.38,6.37,6.48,6.49,6.5,6.51,6.52,6.53,6.54,6.55,6.56,6.57,8200,14300,27000,6000,18800,64000,30500,2300,500,2600,5400,10500,14200,9900,66300,49500,7600,13600,8800,27200
352.0,6.48,508200,3291298.0,6.47,6.46,6.45,6.44,6.43,6.41,6.4,6.39,6.38,6.37,6.48,6.49,6.5,6.51,6.52,6.53,6.54,6.55,6.56,6.57,7400,14300,27000,6000,18800,64000,30500,2300,500,2600,2500,10500,14200,9900,66300,49500,7600,13600,8800,27200
353.0,6.48,508400,3292594.0,6.47,6.46,6.45,6.44,6.43,6.41,6.4,6.39,6.38,6.37,6.48,6.49,6.5,6.51,6.52,6.53,6.54,6.55,6.56,6.57,7400,14300,27000,6000,18800,64000,30500,2300,500,2600,2300,10500,14200,9900,66300,49500,7600,13600,8800,27200
354.0,6.48,508900,3295834.0,6.47,6.46,6.45,6.44,6.43,6.41,6.4,6.39,6.38,6.37,6.48,6.49,6.5,6.51,6.52,6.53,6.54,6.55,6.56,6.57,7400,14300,27000,6000,18800,64000,30500,2300,500,2600,1800,10500,14200,9900,66300,49500,7600,13600,8800,27200
355.0,6.48,514700,3333418.0,6.48,6.47,6.46,6.45,6.44,6.43,6.41,6.4,6.39,6.38,6.49,6.5,6.51,6.52,6.53,6.54,6.55,6.56,6.57,6.58,5100,2600,14300,24000,6000,18800,64000,30500,2300,500,10500,14200,9900,66300,49500,7600,13600,8800,27200,6400
356.0,6.48,514700,3333418.0,6.48,6.47,6.46,6.45,6.44,6.43,6.41,6.4,6.39,6.38,6.49,6.5,6.51,6.52,6.53,6.54,6.55,6.56,6.57,6.58,5800,5300,14300,24000,6000,18800,64000,30500,2300,500,10500,14200,9900,66300,49500,7600,13600,8800,27200,6400
357.0,6.48,514700,3333418.0,6.48,6.47,6.46,6.45,6.44,6.43,6.41,6.4,6.39,6.38,6.49,6.5,6.51,6.52,6.53,6.54,6.55,6.56,6.57,6.58,6000,5300,14300,24000,6000,18800,64000,30500,2300,500,10500,14200,9900,66300,49500,7600,13600,8800,27200,6400
358.0,6.48,514700,3333418.0,6.48,6.47,6.46,6.45,6.44,6.43,6.41,6.4,6.39,6.38,6.49,6.5,6.51,6.52,6.53,6.54,6.55,6.56,6.57,6.58,6200,5300,14300,24000,6000,18800,64000,30500,2300,500,10500,14200,9900,66300,49500,7600,13600,8800,27200,6400
359.0,6.48,520300,3369706.0,6.48,6.47,6.46,6.45,6.44,6.43,6.41,6.4,6.39,6.38,6.49,6.5,6.51,6.52,6.53,6.54,6.55,6.56,6.57,6.58,600,5300,14300,24000,6000,18800,64000,30500,2300,500,10500,14200,9900,66300,49500,7600,13600,8800,27200,6400
360.0,6.49,521300,3376196.0,6.48,6.47,6.46,6.45,6.44,6.43,6.41,6.4,6.39,6.38,6.49,6.5,6.51,6.52,6.53,6.54,6.55,6.56,6.57,6.58,700,5300,14300,24000,6000,18800,64000,30500,2300,500,9500,14200,9900,66300,49500,7600,13600,8800,27200,6400
361.0,6.49,521300,3376196.0,6.48,6.47,6.46,6.45,6.44,6.43,6.41,6.4,6.39,6.38,6.49,6.5,6.51,6.52,6.53,6.54,6.55,6.56,6.57,6.58,800,5300,17500,24000,6000,18800,64000,30500,2300,500,9500,14200,9900,66300,49500,7600,13600,8800,27200,6400
362.0,6.49,521300,3376196.0,6.48,6.47,6.46,6.45,6.44,6.43,6.41,6.4,6.39,6.38,6.49,6.5,6.51,6.52,6.53,6.54,6.55,6.56,6.57,6.58,800,5300,17500,24000,6000,18800,64000,30500,2300,500,9500,14200,9900,66300,49500,7600,13600,8800,27200,6400
363.0,6.49,521300,3376196.0,6.48,6.47,6.46,6.45,6.44,6.43,6.41,6.4,6.39,6.38,6.49,6.5,6.51,6.52,6.53,6.54,6.55,6.56,6.57,6.58,800,5300,17500,24000,6000,18800,64000,30500,2300,500,9500,14200,9900,66300,49500,7600,13600,8800,27200,6400
364.0,6.49,521300,3376196.0,6.48,6.47,6.46,6.45,6.44,6.43,6.41,6.4,6.39,6.38,6.49,6.5,6.51,6.52,6.53,6.54,6.55,6.56,6.57,6.58,800,5700,17500,24000,6000,18800,64000,30500,2300,500,9500,14200,9900,66300,49500,7600,13600,8800,27200,6400
365.0,6.49,521300,3376196.0,6.48,6.47,6.46,6.45,6.44,6.43,6.41,6.4,6.39,6.38,6.49,6.5,6.51,6.52,6.53,6.54,6.55,6.56,6.57,6.58,800,6500,17500,24000,6000,18800,64000,30500,2300,500,9500,14200,9900,66300,49500,7600,13600,8800,27200,6400
366.0,6.49,523200,3388527.0,6.48,6.47,6.46,6.45,6.44,6.43,6.41,6.4,6.39,6.38,6.49,6.5,6.51,6.52,6.53,6.54,6.55,6.56,6.57,6.58,800,6500,17500,24000,6000,18800,64000,30500,2300,500,7600,14200,9900,66300,49500,7600,13600,8800,27200,6400
367.0,6.49,523900,3393070.0,6.48,6.47,6.46,6.45,6.44,6.43,6.41,6.4,6.39,6.38,6.49,6.5,6.51,6.52,6.53,6.54,6.55,6.56,6.57,6.58,800,6600,9700,24000,6000,18800,64000,30500,2300,500,6900,14200,9900,66300,49500,7600,13600,8800,27200,6400
368.0,6.49,523900,3393070.0,6.48,6.47,6.46,6.45,6.44,6.43,6.41,6.4,6.39,6.38,6.49,6.5,6.51,6.52,6.53,6.54,6.55,6.56,6.57,6.58,800,6600,9700,24000,6000,18800,64000,30500,2300,500,6900,14200,9900,66300,49500,7600,13600,8800,27200,6400
369.0,6.49,523900,3393070.0,6.48,6.47,6.46,6.45,6.44,6.43,6.41,6.4,6.39,6.38,6.49,6.5,6.51,6.52,6.53,6.54,6.55,6.56,6.57,6.58,800,6600,9700,24000,6000,18800,64000,30500,2300,500,6900,14200,9900,66300,49500,7600,13600,8800,27200,6400
370.0,6.49,523900,3393070.0,6.48,6.47,6.46,6.45,6.44,6.43,6.41,6.4,6.39,6.38,6.49,6.5,6.51,6.52,6.53,6.54,6.55,6.56,6.57,6.58,800,6600,9700,24000,6000,18800,64000,30500,2300,500,6900,14200,9900,66300,49500,7600,13600,8800,27200,6400
371.0,6.49,523900,3393070.0,6.48,6.47,6.46,6.45,6.44,6.43,6.41,6.4,6.39,6.38,6.49,6.5,6.51,6.52,6.53,6.54,6.55,6.56,6.57,6.58,800,6600,9700,24000,6000,18800,64000,30500,2300,500,6900,14200,9900,66300,49500,7600,13600,8800,27200,6400
372.0,6.48,524000,3393718.0,6.48,6.47,6.46,6.45,6.44,6.43,6.41,6.4,6.39,6.38,6.49,6.5,6.51,6.52,6.53,6.54,6.55,6.56,6.57,6.58,700,6600,9700,25000,6000,18800,64000,30500,2300,500,6900,14200,9900,66300,49500,7600,13600,8800,27200,6400
373.0,6.46,533800,3457117.0,6.46,6.45,6.44,6.43,6.41,6.4,6.39,6.38,6.37,6.36,6.47,6.48,6.49,6.5,6.51,6.52,6.53,6.54,6.55,6.56,8300,25000,6000,18800,64000,30500,2300,500,2600,9000,49800,100,6900,14200,9900,66300,49500,7600,13600,8800
374.0,6.46,534500,3461641.0,6.46,6.45,6.44,6.43,6.41,6.4,6.39,6.38,6.37,6.36,6.47,6.48,6.49,6.5,6.51,6.52,6.53,6.54,6.55,6.56,7800,25000,6000,18800,64000,30500,2300,500,2600,9000,55600,500,6900,14200,9900,66300,49500,7600,13600,8800
375.0,6.46,536700,3475868.0,6.46,6.45,6.44,6.43,6.41,6.4,6.39,6.38,6.37,6.36,6.47,6.48,6.49,6.5,6.51,6.52,6.53,6.54,6.55,6.56,7100,25000,6000,18800,64000,30500,2300,500,2600,9000,54100,500,6900,14200,9900,66300,49500,7600,13600,8800
376.0,6.46,536700,3475868.0,6.46,6.45,6.44,6.43,6.41,6.4,6.39,6.38,6.37,6.36,6.47,6.48,6.49,6.5,6.51,6.52,6.53,6.54,6.55,6.56,7100,25000,6000,18800,64000,30500,2300,500,2600,9000,6000,500,6900,14200,9900,66300,49500,7600,13600,8800
377.0,6.46,537100,3478452.0,6.46,6.45,6.44,6.43,6.41,6.4,6.39,6.38,6.37,6.36,6.47,6.48,6.49,6.5,6.51,6.52,6.53,6.54,6.55,6.56,6700,25000,6000,18800,64000,30500,2300,500,2600,9000,6000,100,6900,14200,9900,66300,49500,7600,13600,8800
378.0,6.46,538100,3484912.0,6.46,6.45,6.44,6.43,6.41,6.4,6.39,6.38,6.37,6.36,6.47,6.48,6.49,6.5,6.51,6.52,6.53,6.54,6.55,6.56,5700,25000,6000,18800,64000,30500,2300,500,2600,9000,6000,100,6900,14200,9900,70300,49500,7600,13600,8800
379.0,6.46,558900,3619220.0,6.45,6.44,6.43,6.42,6.41,6.4,6.39,6.38,6.37,6.36,6.46,6.47,6.48,6.49,6.5,6.51,6.52,6.53,6.54,6.55,19000,6000,18800,1100,64000,30500,2300,500,2600,9000,33700,6000,100,6900,14200,4000,70300,49500,7600,13600
380.0,6.46,559400,3622450.0,6.45,6.44,6.43,6.42,6.41,6.4,6.39,6.38,6.37,6.36,6.46,6.47,6.48,6.49,6.5,6.51,6.52,6.53,6.54,6.55,19000,6000,18800,1100,64000,30500,2300,500,2600,9000,33200,6000,100,6900,14200,4000,70300,49500,7600,13600
381.0,6.46,559600,3623742.0,6.45,6.44,6.43,6.42,6.41,6.4,6.39,6.38,6.37,6.36,6.46,6.47,6.48,6.49,6.5,6.51,6.52,6.53,6.54,6.55,19000,6000,18800,1100,64000,30500,2300,500,2600,9000,33000,6000,500,6900,14200,4000,70300,49500,7600,13600
382.0,6.46,564400,3654735.0,6.45,6.44,6.43,6.42,6.41,6.4,6.39,6.38,6.37,6.36,6.46,6.47,6.48,6.49,6.5,6.51,6.52,6.53,6.54,6.55,17500,6000,18800,3500,64000,30500,2300,500,2600,9000,29700,6000,500,6900,14200,4000,70300,49500,7600,13600
383.0,6.46,572100,3704471.0,6.45,6.44,6.43,6.42,6.41,6.4,6.39,6.38,6.37,6.36,6.46,6.47,6.48,6.49,6.5,6.51,6.52,6.53,6.54,6.55,16900,6000,18800,3500,64000,30500,2300,500,2600,9000,22600,1900,500,6900,14200,8800,70300,49500,7600,13600
384.0,6.46,573500,3713515.0,6.45,6.44,6.43,6.42,6.41,6.4,6.39,6.38,6.37,6.36,6.46,6.47,6.48,6.49,6.5,6.51,6.52,6.53,6.54,6.55,16900,6000,18800,3500,64000,30500,2300,500,2600,9000,21200,1900,100,6900,14200,8800,70300,49500,7600,13600
385.0,6.46,575700,3727712.0,6.45,6.44,6.43,6.42,6.41,6.4,6.39,6.38,6.37,6.36,6.46,6.47,6.48,6.49,6.5,6.51,6.52,6.53,6.54,6.55,18300,6000,18800,3500,64000,30500,2300,500,2600,9000,20600,2000,100,6800,14200,8800,70300,49500,7600,13600
386.0,6.46,580200,3756782.0,6.45,6.44,6.43,6.42,6.41,6.4,6.39,6.38,6.37,6.36,6.46,6.47,6.48,6.49,6.5,6.51,6.52,6.53,6.54,6.55,18300,6000,18800,3500,64000,30500,2300,500,2600,9000,16100,2000,100,6800,14200,8800,70300,49500,7600,13600
387.0,6.46,580200,3756782.0,6.45,6.44,6.43,6.42,6.41,6.4,6.39,6.38,6.37,6.36,6.46,6.47,6.48,6.49,6.5,6.51,6.52,6.53,6.54,6.55,18300,6000,18800,4900,64000,30500,2300,500,2600,9000,16200,2000,100,6800,14200,8800,70300,49500,7600,13600
388.0,6.46,582800,3773563.0,6.45,6.44,6.43,6.42,6.41,6.4,6.39,6.38,6.37,6.36,6.46,6.47,6.48,6.49,6.5,6.51,6.52,6.53,6.54,6.55,16800,6000,18800,7600,64000,30500,2300,500,2600,9000,15100,2000,100,6800,14200,8800,70300,49500,7600,13600
389.0,6.46,585500,3791005.0,6.45,6.44,6.43,6.42,6.41,6.4,6.39,6.38,6.37,6.36,6.46,6.47,6.48,6.49,6.5,6.51,6.52,6.53,6.54,6.55,16800,6000,18800,7600,64000,30500,2300,500,2600,9000,12400,2000,100,6800,14200,8800,70300,49500,7600,13600
390.0,6.46,585500,3791005.0,6.45,6.44,6.43,6.42,6.41,6.4,6.39,6.38,6.37,6.36,6.46,6.47,6.48,6.49,6.5,6.51,6.52,6.53,6.54,6.55,17300,6000,18800,7600,64000,30500,2300,500,2600,9000,12400,2000,100,6800,14200,8800,70300,49500,7600,13600
391.0,6.46,586000,3794235.0,6.45,6.44,6.43,6.42,6.41,6.4,6.39,6.38,6.37,6.36,6.46,6.47,6.48,6.49,6.5,6.51,6.52,6.53,6.54,6.55,17300,6000,18800,7600,64000,30500,2300,500,2600,9000,11900,2000,100,6800,14200,8800,70300,49500,7600,13600
392.0,6.46,591200,3827812.0,6.45,6.44,6.43,6.42,6.41,6.4,6.39,6.38,6.37,6.36,6.46,6.47,6.48,6.49,6.5,6.51,6.52,6.53,6.54,6.55,15800,6000,18800,7600,64000,30500,2300,500,2600,9000,8300,2000,100,6800,14200,8800,70300,49500,7600,13600
393.0,6.46,591200,3827812.0,6.45,6.44,6.43,6.42,6.41,6.4,6.39,6.38,6.37,6.36,6.46,6.47,6.48,6.49,6.5,6.51,6.52,6.53,6.54,6.55,15800,6000,18800,7600,64000,30500,2300,500,2600,9000,8300,2000,100,6800,14200,8800,70300,49500,7600,13600
394.0,6.46,591200,3827812.0,6.45,6.44,6.43,6.42,6.41,6.4,6.39,6.38,6.37,6.36,6.46,6.47,6.48,6.49,6.5,6.51,6.52,6.53,6.54,6.55,15800,6000,18800,7600,64000,30500,2300,500,2600,9000,8300,2000,100,6800,14200,8800,70300,49500,7600,13600
395.0,6.46,593700,3843947.0,6.45,6.44,6.43,6.42,6.41,6.4,6.39,6.38,6.37,6.36,6.46,6.47,6.48,6.49,6.5,6.51,6.52,6.53,6.54,6.55,14300,6000,18800,7600,64000,30500,2300,500,2600,9000,7300,2000,100,6800,14200,8800,70300,49500,7600,13600
396.0,6.45,593800,3844592.0,6.45,6.44,6.43,6.42,6.41,6.4,6.39,6.38,6.37,6.36,6.46,6.47,6.48,6.49,6.5,6.51,6.52,6.53,6.54,6.55,14200,6000,18800,9200,64000,30500,2300,500,2600,9000,7300,2000,100,6800,14200,8800,70300,49500,7600,13600
397.0,6.46,594500,3849114.0,6.45,6.44,6.43,6.42,6.41,6.4,6.39,6.38,6.37,6.36,6.46,6.47,6.48,6.49,6.5,6.51,6.52,6.53,6.54,6.55,14200,6000,18800,9200,64000,30500,2300,500,2600,9000,300,2000,100,6800,14200,8800,70300,49500,7600,13600
398.0,6.45,597500,3868464.0,6.45,6.44,6.43,6.42,6.41,6.4,6.39,6.38,6.37,6.36,6.46,6.47,6.48,6.49,6.5,6.51,6.52,6.53,6.54,6.55,11200,6000,18800,9200,64000,30500,2300,500,2600,9000,300,2000,100,6800,14200,8800,70300,49500,7600,13600
399.0,6.45,597500,3868464.0,6.45,6.44,6.43,6.42,6.41,6.4,6.39,6.38,6.37,6.36,6.46,6.47,6.48,6.49,6.5,6.51,6.52,6.53,6.54,6.55,11300,5300,18800,9200,64000,30500,2300,500,2600,9000,400,2000,100,6800,14200,8800,70300,49500,7600,13600
400.0,6.45,604200,3911679.0,6.45,6.44,6.43,6.42,6.41,6.4,6.39,6.38,6.37,6.36,6.46,6.47,6.48,6.49,6.5,6.51,6.52,6.53,6.54,6.55,4600,5300,18800,9200,64000,30500,2300,500,2600,9000,400,2000,100,6800,14200,8800,70300,49500,7600,13600
401.0,6.45,604200,3911679.0,6.45,6.44,6.43,6.42,6.41,6.4,6.39,6.38,6.37,6.36,6.46,6.47,6.48,6.49,6.5,6.51,6.52,6.53,6.54,6.55,4600,5300,18800,9200,64000,30500,2300,500,2600,9000,400,2000,100,6800,14200,8800,70300,49500,7600,13600
402.0,6.46,604800,3915551.0,6.45,6.44,6.43,6.42,6.41,6.4,6.39,6.38,6.37,6.36,6.46,6.47,6.48,6.49,6.5,6.51,6.52,6.53,6.54,6.55,4200,5300,18800,9200,64000,30500,2300,500,2600,9000,200,2000,100,6800,14200,8800,110300,49500,7600,13600
403.0,6.46,604800,3915551.0,6.45,6.44,6.43,6.42,6.41,6.4,6.39,6.38,6.37,6.36,6.46,6.47,6.48,6.49,6.5,6.51,6.52,6.53,6.54,6.55,4200,4800,18800,9200,64000,30500,2300,500,2600,9000,200,2000,100,6800,14200,8800,110300,49500,7600,13600
404.0,6.46,604800,3915551.0,6.45,6.44,6.43,6.42,6.41,6.4,6.39,6.38,6.37,6.36,6.46,6.47,6.48,6.49,6.5,6.51,6.52,6.53,6.54,6.55,4200,4800,18800,9200,64000,30500,2300,500,2600,9000,200,2000,100,6800,14200,8800,110300,49500,7600,13600
405.0,6.45,605200,3918131.0,6.45,6.44,6.43,6.42,6.41,6.4,6.39,6.38,6.37,6.36,6.46,6.47,6.48,6.49,6.5,6.51,6.52,6.53,6.54,6.55,3800,4800,18800,9200,64000,30500,2300,500,2600,9000,3900,2000,100,6800,14200,8900,110300,49500,7600,13600
406.0,6.45,605200,3918131.0,6.45,6.44,6.43,6.42,6.41,6.4,6.39,6.38,6.37,6.36,6.46,6.47,6.48,6.49,6.5,6.51,6.52,6.53,6.54,6.55,3800,4800,18800,9200,64000,30500,2300,500,2600,9000,3900,2000,100,6800,14200,8900,110300,49500,7600,13600
407.0,6.45,609000,3942641.0,6.44,6.43,6.42,6.41,6.4,6.39,6.38,6.37,6.36,6.35,6.45,6.46,6.47,6.48,6.49,6.5,6.51,6.52,6.53,6.54,5200,18800,9900,64000,30500,2300,500,2600,9000,3500,1200,3900,800,100,6800,14200,8900,110300,49500,7600
408.0,6.44,609500,3945861.0,6.44,6.43,6.42,6.41,6.4,6.39,6.38,6.37,6.36,6.35,6.45,6.46,6.47,6.48,6.49,6.5,6.51,6.52,6.53,6.54,4700,18800,9900,64000,30500,2300,500,2600,9000,3500,1200,3900,800,100,6800,14200,8900,110300,49500,7600
409.0,6.44,609500,3945861.0,6.44,6.43,6.42,6.41,6.4,6.39,6.38,6.37,6.36,6.35,6.45,6.46,6.47,6.48,6.49,6.5,6.51,6.52,6.53,6.54,4700,18800,9900,64000,30500,2300,500,2600,9000,3500,1200,3900,800,100,6800,14200,8900,110300,49500,7600
410.0,6.44,609800,3947793.0,6.44,6.43,6.42,6.41,6.4,6.39,6.38,6.37,6.36,6.35,6.45,6.46,6.47,6.48,6.49,6.5,6.51,6.52,6.53,6.54,4400,18800,9900,64000,30500,2300,500,2600,9000,3500,1200,3900,800,100,6800,14200,8900,110300,49500,7600
411.0,6.44,610200,3950369.0,6.44,6.43,6.42,6.41,6.4,6.39,6.38,6.37,6.36,6.35,6.45,6.46,6.47,6.48,6.49,6.5,6.51,6.52,6.53,6.54,4000,18800,9900,64000,30500,2300,500,2600,9000,3500,1200,3900,800,100,6800,14200,8900,110300,49500,7600
412.0,6.45,610300,3951014.0,6.44,6.43,6.42,6.41,6.4,6.39,6.38,6.37,6.36,6.35,6.45,6.46,6.47,6.48,6.49,6.5,6.51,6.52,6.53,6.54,4000,19300,9900,64000,30500,2300,500,2600,9000,3500,1100,4100,800,100,6800,14200,8900,110300,49500,7600
413.0,6.45,610300,3951014.0,6.44,6.43,6.42,6.41,6.4,6.39,6.38,6.37,6.36,6.35,6.45,6.46,6.47,6.48,6.49,6.5,6.51,6.52,6.53,6.54,4000,19300,9900,64000,30500,2300,500,2600,9000,3500,1100,4100,800,100,6800,19200,8900,110300,49500,7600
414.0,6.45,610300,3951014.0,6.44,6.43,6.42,6.41,6.4,6.39,6.38,6.37,6.36,6.35,6.45,6.46,6.47,6.48,6.49,6.5,6.51,6.52,6.53,6.54,4000,19300,9900,64000,30500,2300,500,2600,9000,3500,1100,14100,800,100,6800,19200,8900,110300,49500,7600
415.0,6.45,610300,3951014.0,6.44,6.43,6.42,6.41,6.4,6.39,6.38,6.37,6.36,6.35,6.45,6.46,6.47,6.48,6.49,6.5,6.51,6.52,6.53,6.54,4000,19300,9900,64000,30500,2300,500,2600,9000,3500,1100,14100,800,100,6800,19200,8900,110300,49500,7600
416.0,6.45,610300,3951014.0,6.44,6.43,6.42,6.41,6.4,6.39,6.38,6.37,6.36,6.35,6.45,6.46,6.47,6.48,6.49,6.5,6.51,6.52,6.53,6.54,4000,19300,9900,64000,30500,2300,500,2600,9000,3500,1200,14100,800,100,6800,19200,8900,110300,49500,7600
417.0,6.44,611400,3958099.0,6.44,6.43,6.42,6.41,6.4,6.39,6.38,6.37,6.36,6.35,6.45,6.46,6.47,6.48,6.49,6.5,6.51,6.52,6.53,6.54,3000,19300,9900,64000,30500,2300,500,2600,9000,3500,1600,14100,800,100,6800,19200,8900,110300,49500,7600
418.0,6.44,611400,3958099.0,6.44,6.43,6.42,6.41,6.4,6.39,6.38,6.37,6.36,6.35,6.45,6.46,6.47,6.48,6.49,6.5,6.51,6.52,6.53,6.54,3000,19300,9900,64000,30500,2300,500,2600,9000,3500,2000,14200,800,100,6800,19200,8900,110300,49500,7600
419.0,6.44,611400,3958099.0,6.44,6.43,6.42,6.41,6.4,6.39,6.38,6.37,6.36,6.35,6.45,6.46,6.47,6.48,6.49,6.5,6.51,6.52,6.53,6.54,3000,19300,9900,64000,30500,2300,500,2600,9000,3500,2400,15600,800,100,6800,19200,8900,110300,49500,7600
420.0,6.45,611600,3959389.0,6.44,6.43,6.42,6.41,6.4,6.39,6.38,6.37,6.36,6.35,6.45,6.46,6.47,6.48,6.49,6.5,6.51,6.52,6.53,6.54,3000,19300,9900,64000,30500,2300,500,2600,9000,3500,2600,15600,800,100,6800,19200,8900,110300,49500,7600
421.0,6.45,613200,3969709.0,6.44,6.43,6.42,6.41,6.4,6.39,6.38,6.37,6.36,6.35,6.45,6.46,6.47,6.48,6.49,6.5,6.51,6.52,6.53,6.54,3000,19300,9900,64000,30500,2300,500,2600,9000,3500,1000,15600,800,100,6800,19200,8900,110300,49500,7600
422.0,6.45,614300,3976804.0,6.45,6.44,6.43,6.42,6.41,6.4,6.39,6.38,6.37,6.36,6.46,6.47,6.48,6.49,6.5,6.51,6.52,6.53,6.54,6.55,500,3000,19300,9900,64000,30500,2300,500,2600,9000,15600,800,100,6800,19200,8900,110300,49500,7600,13600
423.0,6.45,614300,3976804.0,6.45,6.44,6.43,6.42,6.41,6.4,6.39,6.38,6.37,6.36,6.46,6.47,6.48,6.49,6.5,6.51,6.52,6.53,6.54,6.55,500,3000,19300,9900,64000,30500,2300,500,2600,9000,15600,800,100,6800,19200,8900,110300,49500,7600,13600
424.0,6.45,614300,3976804.0,6.45,6.44,6.43,6.42,6.41,6.4,6.39,6.38,6.37,6.36,6.46,6.47,6.48,6.49,6.5,6.51,6.52,6.53,6.54,6.55,500,3000,19300,9900,64000,30500,2300,500,2600,9000,15600,800,100,6800,19200,8900,110300,49500,7600,13600
