LocalTime,LastPrice,TradeVolume,TradeValue,BidPrice1,BidPrice2,BidPrice3,BidPrice4,BidPrice5,BidPrice6,BidPrice7,BidPrice8,BidPrice9,BidPriceA,AskPrice1,AskPrice2,AskPrice3,AskPrice4,AskPrice5,AskPrice6,AskPrice7,AskPrice8,AskPrice9,AskPriceA,BidVolume1,BidVolume2,BidVolume3,BidVolume4,BidVolume5,BidVolume6,BidVolume7,BidVolume8,BidVolume9,BidVolumeA,AskVolume1,AskVolume2,AskVolume3,AskVolume4,AskVolume5,AskVolume6,AskVolume7,AskVolume8,AskVolume9,AskVolumeA
0.0,300.18,3500,1050630.0,300.33,299.25,299.22,299.21,299.01,298.51,298.01,297.51,297.01,297.0,301.0,301.25,302.0,302.1,302.71,303.0,303.08,303.27,303.66,304.37,200,300,100,1000,200,200,200,200,200,100,100,100,100,100,3400,300,100,100,100,100
1.0,300.18,3500,1050630.0,300.33,299.25,299.22,299.21,299.01,298.51,298.01,297.51,297.01,297.0,300.47,301.0,301.25,301.88,301.94,302.0,302.1,302.33,302.71,303.0,200,300,100,1000,200,200,300,200,200,100,400,300,100,100,100,100,100,300,3400,300
2.0,300.33,3800,1140757.0,300.33,299.26,299.25,299.22,299.21,299.01,298.51,298.01,297.51,297.01,300.47,301.0,301.25,301.88,301.94,302.0,302.1,302.33,302.7,302.71,100,1000,300,100,900,200,200,300,200,200,200,400,100,100,100,500,100,300,600,3400
3.0,300.33,4200,1260984.0,299.26,299.25,299.22,299.21,299.01,298.51,298.01,297.51,297.01,297.0,300.3,300.99,301.0,301.25,301.88,301.94,302.0,302.1,302.33,302.58,1000,300,100,900,200,200,300,200,200,100,100,100,300,100,100,100,600,100,300,100
4.0,300.33,4200,1260984.0,299.26,299.25,299.22,299.21,299.01,298.51,298.01,297.51,297.01,297.0,300.3,300.33,300.72,300.99,301.0,301.25,301.88,301.94,302.0,302.1,1000,300,100,900,200,200,300,200,200,200,100,800,100,200,300,100,100,100,600,100
5.0,300.3,4300,1291014.0,299.26,299.25,299.22,299.21,299.01,298.51,298.01,297.51,297.01,297.0,300.33,300.72,300.99,301.0,301.25,301.88,301.94,302.0,302.1,302.33,1000,300,100,900,400,200,300,200,200,200,800,100,300,300,100,100,100,600,200,300
6.0,300.33,4600,1381113.0,299.26,299.25,299.22,299.21,299.01,298.51,298.01,297.51,297.01,297.0,300.33,300.38,300.72,300.99,301.0,301.25,301.88,301.94,302.0,302.1,1000,300,200,900,400,200,300,200,200,200,7600,200,100,400,400,100,100,100,600,200
7.0,300.33,5700,1711196.0,299.26,299.25,299.22,299.21,299.01,298.51,298.01,297.51,297.01,297.0,300.33,300.38,300.46,300.47,300.72,300.99,301.0,301.25,301.88,301.94,800,300,200,900,400,200,300,200,200,200,9900,200,100,200,100,400,500,100,100,100
8.0,300.33,6400,1921412.0,299.26,299.25,299.22,299.21,299.01,298.51,298.01,297.51,297.01,297.0,300.33,300.38,300.46,300.47,300.72,300.99,301.0,301.25,301.88,301.94,800,300,200,900,400,200,300,200,200,200,10900,200,100,300,100,400,500,100,100,100
9.0,300.33,7400,2221636.0,299.27,299.26,299.25,299.22,299.21,299.01,298.51,298.01,297.51,297.01,299.95,300.33,300.38,300.46,300.47,300.72,300.99,301.0,301.25,301.88,300,800,300,200,100,400,200,300,200,200,200,9100,200,200,300,100,400,500,100,100
10.0,300.29,7900,2371679.0,299.7,299.27,299.26,299.25,299.22,299.21,299.01,298.51,298.01,298.0,300.29,300.3,300.33,300.38,300.46,300.47,300.72,300.99,301.0,301.25,700,300,800,300,200,100,400,200,300,100,200,500,8700,200,200,400,100,400,500,100
11.0,299.26,9600,2880732.0,299.26,299.25,299.22,299.21,299.01,298.51,298.01,298.0,297.51,297.01,299.27,299.94,299.95,300.29,300.33,300.38,300.46,300.47,300.72,300.99,100,300,200,100,400,200,300,100,200,200,100,2400,600,200,4200,200,200,400,100,400
12.0,299.26,9900,2970511.0,299.25,299.22,299.21,299.01,298.51,298.01,298.0,297.51,297.01,297.0,299.26,299.27,299.95,300.01,300.29,300.33,300.38,300.46,300.47,300.72,300,200,100,400,200,300,100,200,200,200,2100,700,200,100,200,4200,200,100,400,100
13.0,299.01,11100,3329582.0,299.01,298.51,298.01,298.0,297.51,297.01,297.0,296.51,296.02,296.01,299.26,299.27,299.63,299.95,300.0,300.01,300.29,300.33,300.38,300.46,300,200,300,100,200,200,200,200,100,200,3800,1400,200,200,1000,100,200,4200,200,100
14.0,299.01,13000,3897949.0,298.51,298.01,298.0,297.51,297.01,297.0,296.51,296.02,296.01,296.0,299.01,299.24,299.26,299.27,299.61,299.63,299.95,300.0,300.29,300.33,200,300,100,400,200,200,200,100,200,300,5000,100,1300,300,100,200,200,1000,200,4200
15.0,298.51,13700,4106948.0,298.01,298.0,297.51,297.01,297.0,296.51,296.02,296.01,296.0,295.51,298.51,298.93,298.99,299.0,299.01,299.24,299.26,299.27,299.61,299.63,200,100,400,200,200,200,100,200,300,200,2200,300,100,500,2800,100,900,300,100,200
16.0,298.0,14800,4435158.0,297.51,297.01,297.0,296.51,296.02,296.01,296.0,295.51,295.35,295.11,298.49,298.5,298.51,298.93,298.99,299.0,299.01,299.22,299.24,299.26,400,200,200,200,100,200,300,200,100,200,200,400,1600,300,200,300,2200,200,100,1000
17.0,298.01,16800,5031128.0,298.02,298.01,298.0,297.55,297.54,297.53,297.51,297.01,297.0,296.51,298.46,298.47,298.49,298.51,298.93,298.99,299.0,299.01,299.22,299.26,300,300,500,200,200,500,400,200,200,200,100,200,200,600,300,200,300,900,200,1000
18.0,298.49,17400,5210078.0,298.06,298.05,298.04,298.03,298.02,298.01,298.0,297.55,297.54,297.53,298.51,298.68,298.93,298.99,299.0,299.01,299.22,299.26,299.27,299.61,300,200,200,300,700,300,600,200,200,200,600,100,300,200,300,900,200,1000,200,100
19.0,298.68,19400,5807606.0,298.68,298.51,298.08,298.02,298.0,297.55,297.54,297.53,297.51,297.01,299.01,299.22,299.26,299.27,299.61,299.63,299.95,300.0,300.29,300.33,300,200,200,200,200,200,200,200,400,200,600,200,1000,200,100,200,200,1000,200,3300
20.0,298.68,20900,6256097.0,298.68,298.56,298.52,298.51,298.09,298.08,298.02,298.0,297.55,297.54,299.26,299.27,299.61,299.63,299.95,300.0,300.29,300.33,300.38,300.46,700,200,200,2200,1500,200,200,200,200,200,900,200,100,200,100,1000,200,3300,200,100
21.0,299.28,22400,6704878.0,299.28,299.01,298.7,298.68,298.56,298.52,298.51,298.5,298.49,298.09,299.61,299.63,299.95,300.0,300.29,300.33,300.38,300.46,300.47,300.72,200,300,300,600,500,200,2200,200,100,1500,100,200,100,1000,200,3100,200,100,200,100
22.0,299.28,23000,6884365.0,299.28,298.7,298.68,298.56,298.52,298.51,298.5,298.49,298.09,298.08,299.61,299.63,299.95,300.0,300.29,300.33,300.38,300.46,300.47,300.72,600,300,600,500,200,2200,200,100,1500,200,100,200,100,1000,200,3100,200,100,200,100
23.0,299.29,23800,7123960.0,299.29,299.28,298.68,298.56,298.52,298.51,298.5,298.49,298.08,298.02,299.95,300.0,300.29,300.33,300.38,300.46,300.47,300.72,300.99,301.0,200,400,500,500,200,400,200,100,200,200,100,1000,200,3000,200,100,200,100,400,400
24.0,299.66,24200,7243787.0,299.66,299.5,299.3,299.29,299.28,299.02,298.68,298.56,298.52,298.51,299.94,299.95,300.0,300.29,300.33,300.38,300.46,300.47,300.72,300.99,400,100,200,100,400,200,500,500,200,400,100,100,1000,200,3000,200,100,200,100,400
25.0,299.66,24500,7333685.0,299.66,299.5,299.3,299.29,298.7,298.68,298.56,298.52,298.51,298.5,299.94,299.95,300.0,300.29,300.33,300.38,300.46,300.47,300.72,300.99,100,100,200,100,200,500,300,200,400,200,100,100,1000,200,3000,200,100,100,100,400
26.0,298.7,25000,7483329.0,298.7,298.56,298.52,298.51,298.5,298.49,298.08,298.02,298.0,297.55,299.5,299.66,299.93,299.94,299.95,300.0,300.29,300.33,300.38,300.46,100,300,200,300,200,100,200,200,200,200,200,600,100,100,100,1000,200,3000,200,100
27.0,299.5,25300,7573099.0,298.56,298.52,298.51,298.5,298.08,298.02,298.0,297.55,297.54,297.51,299.61,299.66,299.93,299.94,299.95,300.0,300.29,300.33,300.38,300.46,300,200,300,200,200,200,200,200,200,400,100,600,100,100,100,1000,200,3000,200,100
28.0,298.56,25400,7602955.0,298.59,298.58,298.57,298.56,298.52,298.51,298.5,298.08,298.02,298.0,299.66,299.93,299.94,299.95,300.0,300.29,300.33,300.38,300.46,300.47,200,100,200,200,200,300,200,200,200,200,600,100,100,100,1000,200,3000,200,100,100
29.0,299.61,25600,7662877.0,298.77,298.76,298.75,298.74,298.73,298.72,298.7,298.69,298.67,298.66,299.64,299.93,299.94,299.95,300.0,300.33,300.38,300.46,300.47,300.72,200,200,200,200,200,200,500,200,200,200,200,100,100,100,1000,3000,200,100,100,100
30.0,298.83,25900,7752604.0,298.83,298.82,298.81,298.8,298.76,298.7,298.69,298.67,298.66,298.65,299.61,299.64,299.93,299.94,299.95,300.0,300.33,300.38,300.46,300.47,200,300,200,200,100,300,200,200,200,200,100,200,100,100,100,1000,3000,200,100,100
31.0,299.6,26300,7872208.0,298.51,298.5,298.0,297.91,297.55,297.54,297.51,297.06,297.01,297.0,299.57,299.58,299.61,299.64,299.93,299.94,299.95,300.0,300.33,300.38,300,200,200,1000,200,200,400,3500,200,200,200,100,200,200,100,100,100,1000,2900,200
32.0,298.84,26400,7902092.0,298.84,298.51,298.5,298.0,297.91,297.55,297.54,297.51,297.06,297.01,299.58,299.61,299.93,299.94,299.95,300.0,300.33,300.38,300.46,300.47,1000,300,200,200,3600,200,200,400,3500,200,100,300,100,100,100,1000,2900,200,100,100
33.0,298.84,26700,7991744.0,298.84,298.51,298.5,298.0,297.91,297.55,297.54,297.51,297.06,297.01,299.58,299.61,299.66,299.93,299.94,299.95,300.0,300.33,300.38,300.46,700,300,200,200,3600,200,200,400,3500,200,100,300,100,100,100,100,1000,2800,200,100
34.0,298.81,28600,8559004.0,298.37,298.36,298.35,298.25,298.0,297.91,297.55,297.54,297.51,297.06,299.08,299.58,299.61,299.66,299.93,299.94,299.95,300.0,300.33,300.38,200,300,600,100,200,3600,200,200,400,3500,100,100,300,100,100,100,100,1000,2600,200
35.0,298.82,29100,8708335.0,298.84,298.82,298.81,298.66,298.37,298.36,298.35,298.25,298.0,297.91,299.08,299.58,299.61,299.66,299.93,299.94,299.95,300.0,300.33,300.38,100,100,100,300,200,100,600,100,200,3600,100,100,300,100,100,100,100,1000,2100,200
36.0,299.1,29300,8768153.0,298.85,298.84,298.82,298.81,298.66,298.37,298.36,298.35,298.25,298.0,299.61,299.66,299.93,299.94,299.95,300.0,300.33,300.38,300.46,300.47,100,100,100,100,300,200,100,600,100,200,300,100,100,100,100,1000,2100,200,100,100
37.0,298.82,29700,8887712.0,298.81,298.66,298.37,298.36,298.35,298.25,298.0,297.91,297.55,297.54,299.59,299.6,299.61,299.66,299.93,299.94,299.95,300.0,300.33,300.38,100,300,200,100,600,100,200,3600,200,200,100,100,300,100,100,100,100,1000,2100,200
38.0,298.85,30000,8977367.0,298.81,298.66,298.36,298.35,298.25,298.0,297.91,297.55,297.54,297.51,298.85,299.36,299.59,299.6,299.61,299.66,299.93,299.94,299.95,300.0,100,300,100,600,100,300,3600,200,200,400,100,100,100,200,400,100,100,100,100,1000
39.0,299.56,30600,9156869.0,298.81,298.66,298.36,298.35,298.25,298.0,297.91,297.55,297.54,297.51,299.57,299.58,299.59,299.6,299.61,299.66,299.93,299.94,299.95,300.0,100,300,100,600,100,300,3600,200,200,400,100,700,100,200,400,100,100,100,100,1000
40.0,299.56,30600,9156869.0,298.81,298.66,298.36,298.35,298.25,298.0,297.91,297.55,297.54,297.51,299.57,299.58,299.59,299.6,299.61,299.66,299.93,299.94,299.95,300.0,100,300,100,600,100,300,3600,200,200,400,100,500,100,200,400,100,100,100,100,1000
41.0,299.56,30600,9156869.0,298.36,298.25,298.0,297.91,297.55,297.54,297.51,297.06,297.01,297.0,298.48,298.83,298.85,299.43,299.56,299.57,299.58,299.59,299.6,299.61,100,100,300,3600,200,200,400,3500,200,200,100,100,100,200,800,200,500,100,200,200
42.0,298.85,31000,9276370.0,298.85,298.36,298.25,298.0,297.91,297.55,297.54,297.51,297.06,297.01,299.01,299.28,299.43,299.56,299.57,299.58,299.59,299.6,299.61,299.93,200,100,100,300,3600,200,200,400,3500,200,100,100,100,800,200,100,100,200,200,100
43.0,298.36,31400,9395877.0,298.25,298.0,297.55,297.54,297.51,297.06,297.01,297.0,296.68,296.51,298.59,298.71,298.79,299.28,299.43,299.56,299.57,299.58,299.59,299.6,100,300,200,200,400,3500,200,200,100,200,100,100,100,100,100,800,200,100,100,200
44.0,298.36,31400,9395877.0,298.0,297.55,297.54,297.51,297.06,297.01,297.0,296.68,296.51,296.3,298.59,298.7,298.71,298.79,298.85,299.28,299.43,299.56,299.57,299.59,300,200,200,400,3500,200,200,100,200,3600,100,100,100,100,100,100,100,900,200,100
45.0,298.23,32000,9574886.0,298.0,297.55,297.54,297.51,297.06,297.01,297.0,296.68,296.51,296.3,298.7,298.71,298.79,298.85,299.28,299.43,299.56,299.57,299.59,299.6,300,200,200,400,3500,200,200,100,200,3600,100,100,100,100,100,100,900,200,100,200
46.0,298.23,32000,9574886.0,298.0,297.55,297.54,297.51,297.06,297.01,297.0,296.68,296.51,296.3,298.25,298.7,298.71,298.79,298.85,299.28,299.43,299.56,299.57,299.59,300,200,200,400,3500,200,200,100,200,3600,100,100,100,100,100,100,100,900,200,100
47.0,298.0,32300,9664334.0,298.0,297.55,297.54,297.51,297.06,297.01,297.0,296.68,296.51,296.3,298.68,298.69,298.7,299.28,299.43,299.56,299.57,299.59,299.6,299.61,200,200,200,400,3500,200,200,100,200,3600,100,200,200,100,100,900,100,100,200,200
48.0,298.0,32800,9813539.0,297.62,297.61,297.6,297.59,297.58,297.57,297.56,297.55,297.54,297.51,298.69,298.7,299.28,299.43,299.56,299.57,299.59,299.6,299.61,299.93,200,400,400,200,200,200,300,200,200,400,100,200,100,100,900,100,100,200,200,100
49.0,298.25,33000,9873211.0,298.27,298.05,298.04,297.92,297.91,297.9,297.89,297.88,297.77,297.75,298.69,298.7,299.28,299.43,299.56,299.57,299.59,299.6,299.61,299.93,100,100,100,200,200,200,300,200,200,300,100,400,100,100,900,100,100,200,200,100
50.0,298.06,33300,9962712.0,298.05,298.04,297.92,297.91,297.9,297.89,297.88,297.77,297.75,297.63,298.69,298.7,299.28,299.43,299.56,299.59,299.6,299.61,299.93,299.95,100,100,200,200,200,300,200,200,300,200,300,300,100,100,900,100,200,200,100,100
51.0,298.7,33700,10082189.0,298.06,298.05,298.04,297.92,297.91,297.9,297.89,297.88,297.77,297.75,298.7,299.28,299.43,299.56,299.59,299.6,299.61,299.93,299.95,300.0,200,100,100,200,200,200,300,200,200,300,200,100,100,900,100,200,200,100,100,1000
52.0,298.04,34000,10171604.0,297.89,297.77,297.75,297.63,297.62,297.61,297.6,297.59,297.58,297.57,298.7,299.28,299.43,299.56,299.59,299.6,299.61,299.93,299.95,300.0,100,200,400,200,300,200,200,200,200,200,200,100,100,900,100,200,200,100,100,1000
53.0,298.04,34000,10171604.0,298.08,298.07,297.89,297.77,297.75,297.63,297.62,297.61,297.6,297.59,298.7,299.0,299.28,299.43,299.56,299.59,299.6,299.61,299.93,299.95,300,900,100,200,400,200,300,200,200,200,200,100,100,100,900,100,200,200,100,100
54.0,298.7,34200,10231344.0,298.11,298.1,298.08,298.07,297.89,297.77,297.75,297.63,297.62,297.61,299.0,299.28,299.43,299.56,299.59,299.6,299.61,299.93,299.95,300.0,200,100,300,900,100,200,400,200,300,200,100,100,100,900,100,200,200,100,100,1000
55.0,298.11,34300,10261155.0,298.11,298.1,298.08,298.07,297.89,297.77,297.75,297.63,297.62,297.61,299.0,299.28,299.43,299.56,299.59,299.6,299.61,299.93,299.95,300.0,100,100,300,900,100,200,400,200,300,200,100,100,100,900,100,200,200,100,100,1000
56.0,298.11,34500,10320777.0,298.11,298.1,298.08,298.07,297.89,297.77,297.75,297.63,297.62,297.61,299.0,299.28,299.43,299.56,299.59,299.6,299.61,299.93,299.95,300.0,100,100,300,900,100,200,400,200,300,200,100,100,100,900,100,200,200,100,100,1000
57.0,298.48,34700,10380524.0,298.48,298.1,298.08,298.07,298.0,297.89,297.77,297.75,297.63,297.62,299.0,299.28,299.43,299.56,299.59,299.6,299.61,299.93,299.95,300.0,200,100,300,900,100,100,200,400,200,300,200,100,100,900,100,200,200,100,100,1000
58.0,298.48,34700,10380524.0,298.48,298.11,298.1,298.08,298.07,298.0,297.89,297.77,297.75,297.63,298.99,299.0,299.28,299.43,299.56,299.59,299.6,299.61,299.93,299.95,200,100,100,300,900,100,100,200,400,200,100,300,100,100,900,100,200,100,100,100
59.0,298.48,34900,10440220.0,298.25,298.11,298.1,298.08,298.07,298.0,297.89,297.77,297.75,297.63,298.45,298.46,298.83,298.99,299.0,299.28,299.43,299.56,299.59,299.6,100,100,100,300,900,100,100,200,400,200,100,100,100,300,300,100,100,900,100,200
60.0,298.45,35000,10470065.0,298.25,298.11,298.1,298.08,298.07,298.0,297.89,297.77,297.75,297.63,298.46,298.83,298.99,299.0,299.28,299.43,299.56,299.59,299.6,299.61,200,100,100,300,900,100,100,200,400,200,100,100,300,300,100,100,900,100,200,100
61.0,298.45,35000,10470065.0,298.25,298.11,298.1,298.08,298.07,298.0,297.89,297.77,297.75,297.63,298.46,298.83,298.99,299.0,299.28,299.43,299.56,299.59,299.6,299.61,200,100,100,300,900,100,100,200,400,200,100,100,300,300,100,100,900,100,200,100
62.0,298.46,35200,10529757.0,298.26,298.25,298.11,298.1,298.08,298.07,298.0,297.89,297.77,297.75,298.83,298.99,299.0,299.28,299.43,299.56,299.59,299.6,299.61,299.93,100,200,100,100,300,900,400,100,200,400,100,300,300,100,100,900,100,200,100,100
63.0,298.51,35300,10559608.0,298.25,298.11,298.1,298.08,298.07,298.0,297.89,297.77,297.75,297.63,298.83,298.99,299.0,299.28,299.43,299.56,299.59,299.6,299.61,299.93,200,100,100,300,900,400,100,200,400,200,100,200,300,100,100,800,100,100,100,100
64.0,298.51,35300,10559608.0,298.25,298.11,298.1,298.08,298.07,298.0,297.89,297.77,297.75,297.63,298.83,298.99,299.0,299.28,299.43,299.56,299.59,299.6,299.61,299.93,200,100,100,300,900,400,100,200,400,200,100,200,300,100,100,800,100,100,100,100
65.0,298.25,35500,10619258.0,298.11,298.1,298.08,298.07,298.0,297.89,297.77,297.75,297.63,297.62,298.58,298.8,298.81,298.83,298.99,299.0,299.28,299.43,299.56,299.59,200,100,300,900,400,100,200,400,200,300,100,200,100,200,200,300,100,100,800,100
66.0,298.25,35500,10619258.0,298.11,298.1,298.08,298.07,298.0,297.89,297.77,297.75,297.63,297.62,298.58,298.8,298.81,298.82,298.83,298.99,299.0,299.28,299.43,299.56,200,100,300,800,400,100,200,400,200,300,100,200,100,100,200,200,300,100,100,800
67.0,298.25,35500,10619258.0,298.12,298.11,298.1,298.08,298.07,298.0,297.89,297.77,297.75,297.63,298.25,298.58,298.8,298.81,298.82,298.83,298.99,299.0,299.28,299.43,100,200,100,300,800,400,100,200,400,200,200,100,200,100,100,200,200,300,100,100
68.0,298.12,35900,10738545.0,298.11,298.1,298.07,298.0,297.77,297.75,297.63,297.62,297.61,297.6,298.24,298.25,298.58,298.8,298.81,298.82,298.83,298.99,299.0,299.28,200,800,100,400,200,300,200,300,200,200,100,100,100,200,100,100,200,200,300,100
69.0,298.35,36300,10857878.0,298.35,298.27,298.25,298.12,298.11,298.1,298.07,298.0,297.75,297.63,298.58,298.8,298.81,298.82,298.83,298.99,299.0,299.28,299.43,299.56,100,100,100,100,200,800,100,400,300,200,100,200,100,100,200,200,300,100,100,800
70.0,298.35,36400,10887713.0,298.33,298.27,298.25,298.12,298.11,298.1,298.07,298.0,297.75,297.63,298.57,298.58,298.8,298.81,298.82,298.83,298.99,299.0,299.28,299.43,100,100,100,100,200,800,100,400,100,200,100,100,200,100,100,200,200,300,100,100
71.0,297.75,38400,11483894.0,297.51,297.06,297.01,297.0,296.68,296.51,296.3,296.02,296.01,296.0,297.96,298.0,298.07,298.08,298.25,298.3,298.35,298.57,298.58,298.8,400,3500,200,200,100,200,3600,100,200,300,100,100,100,100,200,300,200,200,100,200
72.0,298.24,38800,11603122.0,297.51,297.01,297.0,296.68,296.51,296.3,296.02,296.01,296.0,295.51,298.25,298.3,298.35,298.57,298.58,298.8,298.81,298.82,298.83,298.99,400,200,200,100,200,3600,100,200,300,200,200,300,200,200,100,200,100,100,200,200
73.0,298.24,38800,11603122.0,297.51,297.01,297.0,296.68,296.51,296.3,296.02,296.01,296.0,295.51,298.24,298.25,298.3,298.35,298.57,298.58,298.8,298.81,298.82,298.83,400,200,200,100,200,3600,100,200,300,200,200,300,300,200,200,100,200,100,100,200
74.0,297.51,39100,11692448.0,297.51,297.01,297.0,296.68,296.51,296.3,296.02,296.01,296.0,295.51,298.2,298.21,298.22,298.23,298.24,298.25,298.3,298.35,298.57,298.58,200,200,200,100,200,3600,100,200,300,200,100,200,200,100,600,300,300,200,200,100
75.0,298.23,39800,11901196.0,297.51,297.01,297.0,296.68,296.51,296.3,296.02,296.01,296.0,295.51,298.24,298.25,298.3,298.35,298.57,298.58,298.8,298.81,298.82,298.83,200,200,200,100,200,3600,100,200,300,200,600,300,300,300,200,100,200,100,100,200
76.0,298.23,39800,11901196.0,297.51,297.01,297.0,296.68,296.51,296.3,296.02,296.01,296.0,295.51,297.95,298.06,298.24,298.25,298.35,298.57,298.58,298.8,298.82,298.83,200,200,200,100,200,3600,100,200,300,200,100,100,600,300,300,200,100,200,100,200
77.0,297.51,39900,11930947.0,297.51,297.01,297.0,296.68,296.51,296.3,296.02,296.01,296.0,295.51,297.95,298.06,298.24,298.25,298.35,298.57,298.58,298.8,298.82,298.83,100,200,300,100,200,3600,100,200,300,200,100,100,700,200,300,200,100,200,100,200
78.0,297.95,40000,11960742.0,297.51,297.01,297.0,296.68,296.51,296.3,296.02,296.01,296.0,295.51,298.06,298.24,298.25,298.35,298.57,298.58,298.8,298.82,298.83,298.99,100,200,300,100,200,3600,100,200,300,200,100,700,200,300,200,100,200,100,200,200
79.0,297.95,40000,11960742.0,297.51,297.01,297.0,296.68,296.51,296.3,296.02,296.01,296.0,295.51,298.06,298.11,298.24,298.25,298.35,298.57,298.58,298.8,298.82,298.83,100,200,300,100,200,3600,100,200,300,200,100,200,700,200,300,200,100,200,100,200
80.0,298.11,40700,12169170.0,297.52,297.51,297.49,297.34,297.33,297.3,297.29,297.27,297.25,297.24,298.11,298.24,298.25,298.35,298.57,298.58,298.8,298.83,298.99,299.0,100,100,900,100,100,200,200,100,200,200,100,500,200,300,200,100,200,200,200,300
81.0,297.51,41000,12258426.0,297.49,297.33,297.3,297.29,297.27,297.25,297.24,297.23,297.22,297.21,297.92,298.11,298.24,298.25,298.35,298.57,298.58,298.8,298.83,298.99,800,100,200,200,100,200,200,200,200,300,100,100,500,200,300,200,100,200,200,200
82.0,297.51,41000,12258426.0,297.5,297.49,297.33,297.3,297.29,297.27,297.25,297.24,297.23,297.22,297.92,298.11,298.24,298.25,298.35,298.57,298.58,298.8,298.83,298.99,100,800,100,200,200,100,200,200,200,200,100,100,500,200,300,200,100,200,200,200
83.0,297.51,41100,12288177.0,297.51,297.5,297.49,297.33,297.3,297.29,297.27,297.25,297.24,297.23,297.91,297.92,298.11,298.24,298.25,298.35,298.57,298.58,298.8,298.83,700,600,800,100,200,200,100,200,200,200,100,100,100,500,200,300,200,100,200,200
84.0,297.97,41400,12377557.0,297.6,297.51,297.5,297.49,297.33,297.3,297.29,297.27,297.25,297.24,298.11,298.22,298.24,298.35,298.57,298.58,298.8,298.83,298.99,299.0,100,300,600,100,100,200,200,100,200,200,100,100,500,300,200,100,200,200,200,300
85.0,298.11,41500,12407368.0,298.15,297.6,297.51,297.5,297.49,297.33,297.3,297.29,297.27,297.25,298.22,298.24,298.35,298.57,298.58,298.8,298.83,298.99,299.0,299.28,200,100,600,600,100,100,200,200,100,200,100,500,300,200,100,200,200,200,300,100
86.0,298.15,41700,12466998.0,297.65,297.6,297.51,297.5,297.33,297.3,297.29,297.27,297.25,297.24,298.11,298.16,298.22,298.24,298.35,298.57,298.58,298.8,298.83,298.99,200,100,400,600,100,200,200,100,200,200,200,100,100,500,300,200,100,200,200,200
87.0,298.15,41700,12466998.0,297.72,297.66,297.6,297.51,297.5,297.33,297.3,297.29,297.27,297.25,298.11,298.16,298.22,298.24,298.35,298.57,298.58,298.8,298.83,298.99,200,100,100,400,600,100,200,200,100,200,200,100,100,500,300,200,100,200,100,200
88.0,298.15,41700,12466998.0,297.72,297.61,297.6,297.51,297.5,297.33,297.3,297.29,297.27,297.25,298.11,298.16,298.24,298.35,298.57,298.58,298.8,298.83,298.99,299.0,200,100,100,400,600,100,200,200,100,200,300,100,500,300,200,100,200,100,200,300
89.0,298.15,41700,12466998.0,297.72,297.61,297.6,297.51,297.5,297.33,297.3,297.29,297.27,297.25,298.1,298.11,298.16,298.24,298.35,298.57,298.58,298.8,298.83,298.99,200,100,100,400,600,100,200,200,100,200,100,300,100,500,300,200,100,200,100,200
90.0,298.1,41800,12496808.0,298.06,297.72,297.61,297.6,297.51,297.5,297.33,297.3,297.29,297.27,298.11,298.16,298.24,298.35,298.57,298.58,298.8,298.83,298.99,299.0,100,200,100,100,400,600,100,200,200,100,300,100,500,300,200,100,200,100,200,300
91.0,298.1,41800,12496808.0,298.06,297.72,297.61,297.6,297.51,297.5,297.33,297.3,297.29,297.27,298.11,298.16,298.24,298.35,298.57,298.58,298.8,298.83,298.99,299.0,100,200,100,100,400,600,100,200,200,100,300,100,500,300,200,100,200,100,200,300
92.0,298.06,41900,12526614.0,297.72,297.61,297.6,297.51,297.5,297.33,297.3,297.29,297.27,297.25,298.11,298.16,298.23,298.24,298.35,298.57,298.58,298.8,298.83,298.99,200,100,100,400,600,100,200,200,100,200,400,100,100,500,300,200,100,200,100,200
93.0,298.1,42100,12586234.0,297.72,297.61,297.6,297.51,297.5,297.33,297.3,297.29,297.27,297.25,297.92,298.11,298.16,298.23,298.24,298.35,298.57,298.58,298.8,298.83,300,100,100,400,600,100,200,200,100,200,100,400,100,100,500,300,200,100,200,100
94.0,298.1,42100,12586234.0,297.72,297.61,297.51,297.5,297.33,297.3,297.29,297.27,297.25,297.24,297.92,298.11,298.16,298.23,298.24,298.35,298.57,298.58,298.8,298.83,300,100,400,600,100,200,200,100,200,200,100,400,100,100,500,200,200,100,200,100
95.0,297.72,42300,12645778.0,297.72,297.61,297.51,297.5,297.33,297.3,297.29,297.27,297.25,297.24,297.92,298.11,298.16,298.23,298.24,298.35,298.57,298.58,298.8,298.83,100,100,400,600,100,200,200,100,200,200,100,400,100,100,500,200,200,100,200,100
96.0,297.72,42400,12675550.0,297.61,297.51,297.5,297.3,297.29,297.27,297.25,297.24,297.23,297.22,297.92,298.0,298.11,298.16,298.23,298.24,298.35,298.57,298.58,298.8,100,400,600,200,200,100,200,200,200,200,100,100,400,100,100,500,200,200,100,200
97.0,297.92,42500,12705342.0,297.61,297.51,297.5,297.3,297.29,297.27,297.25,297.24,297.23,297.22,298.0,298.11,298.16,298.23,298.24,298.35,298.57,298.58,298.8,298.83,100,400,600,200,200,100,200,200,200,200,100,400,100,100,500,200,200,100,200,100
98.0,297.72,42700,12764896.0,297.61,297.51,297.5,297.29,297.25,297.24,297.23,297.22,297.21,297.2,297.92,298.0,298.11,298.23,298.24,298.35,298.57,298.58,298.8,298.83,100,300,100,200,200,200,200,200,300,200,100,100,400,100,500,200,200,100,200,100
99.0,297.92,42800,12794688.0,297.61,297.51,297.5,297.29,297.25,297.24,297.23,297.22,297.21,297.2,298.0,298.11,298.23,298.24,298.35,298.57,298.58,298.8,298.83,298.99,100,300,100,200,200,200,200,200,300,200,100,400,100,500,200,200,100,200,100,200
100.0,297.92,42800,12794688.0,297.61,297.51,297.5,297.29,297.25,297.24,297.23,297.22,297.21,297.2,298.0,298.11,298.23,298.24,298.35,298.45,298.57,298.58,298.8,298.83,100,300,100,200,200,200,200,200,300,200,100,400,100,500,500,300,200,100,200,100
101.0,297.72,42900,12824460.0,297.72,297.61,297.51,297.5,297.29,297.25,297.24,297.23,297.22,297.21,298.0,298.11,298.23,298.24,298.35,298.45,298.57,298.58,298.8,298.83,100,100,300,100,200,200,200,200,200,300,100,400,100,500,500,300,200,100,200,100
102.0,297.99,43000,12854259.0,297.72,297.61,297.51,297.5,297.29,297.25,297.24,297.23,297.22,297.21,298.0,298.11,298.23,298.24,298.35,298.45,298.57,298.58,298.8,298.83,100,100,300,100,200,200,200,200,200,300,100,400,100,500,500,300,200,100,200,100
103.0,297.99,43000,12854259.0,297.72,297.61,297.51,297.5,297.29,297.25,297.24,297.23,297.22,297.21,298.0,298.11,298.23,298.24,298.35,298.45,298.57,298.58,298.8,298.83,400,100,300,100,200,200,200,200,200,300,100,400,100,500,500,300,200,100,200,100
104.0,297.99,43100,12884058.0,297.72,297.61,297.51,297.5,297.29,297.25,297.24,297.23,297.22,297.21,297.99,298.0,298.11,298.23,298.24,298.35,298.45,298.57,298.58,298.8,400,100,300,100,200,200,200,200,200,300,100,100,400,100,500,300,300,100,100,200
105.0,297.99,43100,12884058.0,297.72,297.61,297.51,297.5,297.29,297.25,297.24,297.23,297.22,297.21,297.99,298.0,298.11,298.23,298.24,298.35,298.45,298.57,298.58,298.8,400,100,300,100,200,200,200,200,200,300,100,300,400,100,500,300,300,100,100,200
106.0,297.8,43200,12913838.0,297.72,297.61,297.51,297.5,297.29,297.25,297.24,297.23,297.22,297.21,297.99,298.0,298.11,298.23,298.24,298.35,298.45,298.57,298.58,298.8,400,100,300,100,200,200,200,200,200,300,100,300,400,100,500,300,300,100,100,200
107.0,297.8,43200,12913838.0,297.72,297.61,297.51,297.5,297.29,297.25,297.24,297.23,297.22,297.21,297.99,298.0,298.11,298.23,298.24,298.35,298.45,298.57,298.58,298.8,400,100,300,100,200,200,200,200,200,300,100,300,400,100,500,300,300,100,100,200
108.0,297.8,43200,12913838.0,297.72,297.61,297.51,297.5,297.29,297.25,297.24,297.23,297.22,297.21,297.99,298.0,298.11,298.23,298.24,298.35,298.45,298.57,298.58,298.8,400,100,300,100,200,200,200,200,200,300,100,300,400,100,500,300,300,100,100,200
109.0,297.8,43200,12913838.0,297.72,297.61,297.51,297.5,297.29,297.25,297.24,297.23,297.22,297.21,297.99,298.0,298.11,298.23,298.24,298.35,298.45,298.57,298.58,298.8,500,100,300,100,200,200,200,200,200,300,100,400,400,100,500,300,300,100,100,200
110.0,297.8,43200,12913838.0,297.72,297.61,297.51,297.5,297.29,297.25,297.24,297.23,297.22,297.21,297.99,298.0,298.11,298.23,298.24,298.35,298.45,298.57,298.58,298.8,800,100,300,100,200,200,200,200,200,300,200,400,300,100,500,300,300,100,100,200
111.0,297.99,43400,12973436.0,297.72,297.61,297.51,297.5,297.29,297.25,297.24,297.23,297.22,297.21,297.99,298.0,298.11,298.23,298.24,298.35,298.45,298.57,298.58,298.8,900,100,300,100,200,200,200,200,200,300,100,400,300,100,500,300,300,100,100,200
112.0,297.99,43400,12973436.0,297.72,297.61,297.51,297.5,297.29,297.25,297.24,297.23,297.22,297.21,297.99,298.0,298.11,298.23,298.24,298.35,298.45,298.57,298.58,298.8,900,100,300,100,200,200,200,200,200,300,100,400,300,100,500,300,300,100,100,200
113.0,297.99,43400,12973436.0,297.72,297.61,297.51,297.5,297.29,297.25,297.24,297.23,297.22,297.21,297.99,298.0,298.11,298.23,298.24,298.35,298.45,298.57,298.58,298.8,900,100,300,100,200,200,200,200,200,300,200,400,300,100,500,300,300,100,100,200
114.0,297.99,43700,13062833.0,297.72,297.61,297.51,297.5,297.29,297.25,297.24,297.23,297.22,297.21,297.99,298.0,298.11,298.23,298.24,298.35,298.45,298.57,298.58,298.83,900,100,300,100,200,200,200,200,200,300,400,400,300,100,500,300,300,100,100,100
115.0,297.99,43700,13062833.0,297.72,297.61,297.51,297.5,297.25,297.24,297.23,297.22,297.21,297.2,297.98,297.99,298.0,298.11,298.23,298.24,298.35,298.45,298.57,298.58,900,100,400,100,200,200,200,200,300,200,100,500,600,300,100,500,300,300,100,100
116.0,297.01,45300,13538997.0,297.01,297.0,296.85,296.68,296.51,296.3,296.02,296.01,296.0,295.51,297.46,297.47,297.67,297.71,297.72,297.97,297.98,297.99,298.0,298.11,100,500,100,100,200,3600,100,200,300,200,200,100,100,100,200,100,200,600,600,300
117.0,297.01,45300,13538997.0,297.01,297.0,296.85,296.68,296.51,296.3,296.02,296.01,296.0,295.51,297.46,297.47,297.67,297.71,297.72,297.97,297.98,297.99,298.0,298.11,100,500,100,100,200,3600,100,200,300,200,200,100,100,100,200,100,200,600,600,300
118.0,297.01,45300,13538997.0,297.01,297.0,296.85,296.68,296.51,296.3,296.02,296.01,296.0,295.51,297.46,297.47,297.67,297.71,297.72,297.97,297.98,297.99,298.0,298.11,400,500,100,100,200,3600,100,200,300,200,200,100,100,100,200,200,200,700,600,300
119.0,297.31,45500,13598429.0,297.01,297.0,296.85,296.68,296.51,296.3,296.02,296.01,296.0,295.51,297.4,297.45,297.46,297.47,297.71,297.72,297.97,297.98,297.99,298.0,400,500,100,100,200,3600,100,200,300,200,100,100,200,100,100,200,200,200,600,600
120.0,297.46,45900,13717406.0,297.01,297.0,296.85,296.68,296.51,296.3,296.02,296.01,296.0,295.51,297.71,297.72,297.97,297.98,297.99,298.0,298.11,298.23,298.24,298.35,400,500,100,100,200,3600,100,200,300,200,100,200,200,200,600,600,300,100,500,300
121.0,297.46,45900,13717406.0,297.01,297.0,296.85,296.68,296.51,296.3,296.02,296.01,296.0,295.51,297.7,297.71,297.72,297.97,297.98,297.99,298.0,298.11,298.23,298.24,400,500,100,100,200,3600,100,200,300,200,100,100,200,200,200,600,600,300,100,500
122.0,297.46,45900,13717406.0,297.01,297.0,296.85,296.68,296.51,296.3,296.02,296.01,296.0,295.51,297.7,297.71,297.72,297.97,297.98,297.99,298.0,298.11,298.23,298.24,400,500,100,100,200,3600,100,200,300,200,100,200,200,200,200,600,600,300,100,500
123.0,297.46,45900,13717406.0,297.01,297.0,296.85,296.68,296.51,296.3,296.02,296.01,296.0,295.51,297.7,297.71,297.72,297.97,297.98,297.99,298.0,298.11,298.23,298.24,400,500,100,100,200,3600,100,200,300,200,100,100,200,200,200,600,600,300,100,500
124.0,297.46,45900,13717406.0,297.5,297.01,297.0,296.85,296.68,296.51,296.3,296.02,296.01,296.0,297.7,297.71,297.72,297.97,297.98,297.99,298.0,298.11,298.23,298.24,200,400,500,100,100,200,3600,100,200,300,100,100,200,200,200,600,600,300,100,500
125.0,297.5,46000,13747156.0,297.5,297.01,297.0,296.85,296.68,296.51,296.3,296.02,296.01,296.0,297.69,297.7,297.72,297.97,297.98,297.99,298.0,298.11,298.23,298.24,200,400,500,100,100,200,3600,100,200,300,100,100,200,100,100,600,500,300,100,500
126.0,297.5,46200,13806656.0,297.1,297.02,297.01,297.0,296.85,296.68,296.51,296.3,296.02,296.01,297.63,297.69,297.7,297.72,297.97,297.98,297.99,298.0,298.11,298.23,100,200,400,500,100,100,200,3600,100,200,100,100,100,200,100,100,600,500,300,100
127.0,297.5,46200,13806656.0,297.11,297.02,297.01,297.0,296.85,296.68,296.51,296.3,296.02,296.01,297.63,297.69,297.7,297.72,297.97,297.98,297.99,298.0,298.11,298.23,100,100,400,500,100,100,200,3600,100,200,100,100,100,200,100,100,600,500,300,100
128.0,297.5,46200,13806656.0,297.11,297.1,297.02,297.01,297.0,296.85,296.68,296.51,296.3,296.02,297.62,297.63,297.69,297.72,297.97,297.98,297.99,298.0,298.11,298.23,200,100,100,400,400,100,100,200,3600,100,100,400,100,200,100,100,600,500,300,100
129.0,297.63,46600,13925703.0,297.11,297.1,297.01,297.0,296.85,296.68,296.51,296.3,296.02,296.01,297.63,297.69,297.72,297.97,297.98,297.99,298.0,298.11,298.23,298.24,200,100,400,400,100,100,200,3600,100,200,300,100,200,100,100,600,500,300,100,500
130.0,297.11,46700,13955414.0,297.11,297.1,297.01,297.0,296.85,296.68,296.51,296.3,296.02,296.01,297.62,297.63,297.69,297.72,297.97,297.98,297.99,298.0,298.11,298.23,100,100,400,400,100,100,200,3600,100,200,200,300,100,200,100,100,600,500,300,100
131.0,297.62,46900,14014938.0,297.11,297.1,297.01,297.0,296.85,296.68,296.51,296.3,296.02,296.01,297.62,297.63,297.69,297.72,297.97,297.98,297.99,298.0,298.11,298.23,400,100,400,400,100,100,200,3600,100,200,100,200,100,200,100,100,600,300,300,100
132.0,297.63,47300,14133989.0,297.11,297.1,297.01,297.0,296.85,296.68,296.51,296.3,296.02,296.01,297.69,297.72,297.97,297.98,297.99,298.0,298.11,298.23,298.24,298.35,400,100,400,400,100,100,200,3600,100,200,100,200,100,100,600,300,300,100,500,300
133.0,297.11,47600,14223240.0,297.11,297.1,297.01,297.0,296.85,296.68,296.51,296.3,296.02,296.01,297.72,297.97,297.98,297.99,298.0,298.11,298.23,298.24,298.35,298.45,300,100,400,400,100,100,200,3600,100,200,200,100,100,600,300,300,100,500,300,300
134.0,297.11,47600,14223240.0,297.26,297.12,297.11,297.1,297.01,297.0,296.85,296.68,296.51,296.3,297.72,297.97,297.98,297.99,298.0,298.11,298.23,298.24,298.35,298.45,100,100,300,100,400,400,100,100,200,3600,200,100,100,600,300,300,100,500,300,300
135.0,297.12,48300,14431478.0,297.11,297.1,297.01,297.0,296.85,296.68,296.51,296.3,296.02,296.01,297.72,297.97,297.98,297.99,298.0,298.11,298.23,298.24,298.35,298.45,300,100,400,400,100,100,200,3600,100,200,100,100,100,600,300,300,100,500,300,300
136.0,297.12,48300,14431478.0,297.63,297.11,297.1,297.01,297.0,296.85,296.68,296.51,296.3,296.02,297.71,297.72,297.97,297.98,297.99,298.0,298.11,298.23,298.24,298.35,200,300,100,400,500,100,100,200,3600,100,100,100,100,100,600,300,300,100,500,300
137.0,297.12,48300,14431478.0,297.63,297.11,297.1,297.01,297.0,296.85,296.68,296.51,296.3,296.02,297.71,297.72,297.97,297.98,297.99,298.0,298.11,298.23,298.24,298.35,200,300,100,400,500,100,100,200,3600,100,100,100,100,100,600,300,300,100,500,300
138.0,297.72,48400,14461250.0,297.73,297.63,297.46,297.11,297.1,297.01,297.0,296.85,296.68,296.51,297.93,297.96,297.97,297.98,297.99,298.0,298.11,298.23,298.24,298.35,100,200,100,300,100,400,500,100,100,200,100,100,100,100,600,300,300,100,500,300
139.0,297.72,48400,14461250.0,297.73,297.63,297.46,297.11,297.1,297.01,297.0,296.85,296.68,296.51,297.93,297.96,297.97,297.98,297.99,298.0,298.11,298.23,298.24,298.35,100,200,100,300,100,400,500,100,100,200,100,100,100,100,600,300,300,100,500,300
140.0,297.73,48500,14491023.0,297.63,297.46,297.11,297.1,297.01,297.0,296.85,296.68,296.51,296.3,297.73,297.96,297.97,297.98,297.99,298.0,298.11,298.23,298.24,298.35,200,100,300,100,400,500,100,100,200,3600,100,100,200,300,500,300,300,100,500,300
141.0,297.73,48500,14491023.0,297.63,297.46,297.11,297.1,297.01,297.0,296.85,296.68,296.51,296.3,297.73,297.93,297.96,297.97,297.98,297.99,298.0,298.11,298.23,298.24,200,100,300,100,400,500,100,100,200,3600,100,100,100,100,300,500,300,300,100,500
142.0,297.73,48500,14491023.0,297.63,297.46,297.11,297.1,297.01,297.0,296.85,296.68,296.51,296.31,297.73,297.93,297.96,297.97,297.98,297.99,298.0,298.11,298.23,298.24,200,100,300,100,400,500,100,100,200,100,100,100,100,100,300,500,300,300,100,500
143.0,297.63,48700,14550549.0,297.46,297.11,297.1,297.01,297.0,296.85,296.68,296.51,296.31,296.3,297.73,297.92,297.93,297.96,297.97,297.98,297.99,298.0,298.11,298.23,100,300,100,400,500,100,100,200,100,3600,100,200,100,100,100,300,500,300,300,100
144.0,297.63,48700,14550549.0,297.46,297.11,297.1,297.01,297.0,296.85,296.68,296.51,296.31,296.3,297.73,297.92,297.93,297.96,297.97,297.98,297.99,298.0,298.11,298.23,100,300,100,400,500,100,100,200,100,3600,100,200,100,100,100,300,400,300,300,100
145.0,297.71,48800,14580320.0,297.72,297.46,297.11,297.1,297.01,297.0,296.85,296.68,296.51,296.31,297.73,297.92,297.93,297.95,297.96,297.97,297.98,297.99,298.0,298.11,100,100,300,100,400,500,100,100,200,100,100,200,100,100,100,100,300,400,300,300
146.0,297.95,49400,14759037.0,297.46,297.11,297.1,297.01,297.0,296.85,296.68,296.51,296.31,296.3,297.96,297.97,297.98,297.99,298.0,298.11,298.23,298.24,298.35,298.45,100,300,100,400,500,100,100,200,100,3600,100,300,300,400,300,300,100,500,300,300
147.0,297.96,49700,14848419.0,297.46,297.11,297.1,297.01,297.0,296.85,296.68,296.51,296.31,296.3,297.97,297.98,297.99,298.0,298.11,298.23,298.24,298.35,298.45,298.57,100,300,100,400,600,100,100,200,100,3600,300,300,400,300,300,100,500,300,300,100
148.0,297.96,49700,14848419.0,297.47,297.46,297.11,297.1,297.01,297.0,296.85,296.68,296.51,296.31,297.92,297.97,297.98,297.99,298.0,298.11,298.23,298.24,298.35,298.45,100,200,200,100,400,600,100,100,200,100,100,300,300,400,300,200,100,500,300,300
149.0,297.92,49800,14878211.0,297.56,297.55,297.49,297.48,297.47,297.46,297.11,297.1,297.01,297.0,297.97,297.98,297.99,298.0,298.11,298.23,298.24,298.35,298.45,298.57,200,200,100,100,200,300,200,100,400,600,300,300,400,300,200,100,500,300,300,100
150.0,298.45,52100,15563907.0,298.14,298.12,298.11,298.0,297.99,297.57,297.56,297.55,297.49,297.48,298.45,298.99,299.0,299.28,299.43,299.56,299.59,299.93,299.99,300.0,100,300,100,200,100,100,100,200,100,100,200,200,300,100,100,600,100,100,300,3300
151.0,298.45,52300,15623597.0,298.51,298.12,298.11,298.0,297.57,297.55,297.48,297.47,297.46,297.11,298.98,298.99,299.0,299.28,299.43,299.56,299.59,299.93,299.99,300.0,100,300,100,200,100,200,100,200,300,200,100,200,300,100,100,600,100,100,300,3300
152.0,298.15,52400,15653412.0,298.15,298.12,298.11,298.0,297.57,297.55,297.48,297.47,297.46,297.11,298.97,298.98,298.99,299.0,299.28,299.43,299.56,299.59,299.93,299.99,500,300,100,200,100,200,100,200,300,200,100,200,200,300,100,100,600,100,100,300
153.0,298.15,52600,15713042.0,298.47,298.15,298.12,298.11,298.0,297.57,297.55,297.48,297.47,297.46,298.97,298.98,298.99,299.0,299.28,299.43,299.56,299.59,299.93,299.99,300,300,300,100,200,100,200,100,200,300,100,200,200,300,100,100,600,100,100,300
154.0,298.47,52700,15742889.0,298.47,298.15,298.14,298.12,298.11,298.0,297.57,297.55,297.48,297.47,298.97,298.98,298.99,299.0,299.28,299.43,299.56,299.59,299.93,299.99,200,300,100,300,100,200,100,200,100,200,100,200,200,300,100,100,600,100,100,300
155.0,298.47,52800,15772736.0,298.47,298.15,298.14,298.12,298.11,298.0,297.98,297.57,297.55,297.48,298.96,298.97,298.98,298.99,299.0,299.28,299.43,299.56,299.59,299.93,200,300,100,300,100,100,100,100,200,100,200,100,200,200,300,100,100,600,100,100
156.0,298.96,52900,15802632.0,298.47,298.15,298.14,298.12,298.11,298.0,297.98,297.57,297.55,297.48,298.96,298.97,298.98,298.99,299.0,299.28,299.43,299.56,299.59,299.93,200,300,100,300,100,100,100,100,200,100,100,200,200,200,300,100,100,600,100,100
157.0,298.47,53000,15832479.0,298.47,298.15,298.14,298.12,298.11,298.0,297.98,297.57,297.55,297.48,298.96,298.97,298.98,298.99,299.0,299.28,299.43,299.56,299.59,299.93,100,300,100,300,100,100,100,100,200,100,100,300,200,200,300,100,100,600,100,100
158.0,298.49,53400,15951805.0,298.15,298.14,298.12,298.11,298.0,297.98,297.57,297.55,297.48,297.47,298.77,298.78,298.84,298.9,298.95,298.96,298.97,298.98,298.99,299.0,100,100,300,100,100,100,100,200,100,100,100,100,100,200,500,200,300,200,200,300
159.0,298.49,53400,15951805.0,298.15,298.14,298.12,298.11,298.0,297.98,297.57,297.55,297.48,297.47,298.76,298.77,298.78,298.84,298.9,298.95,298.96,298.97,298.98,298.99,300,100,300,100,100,100,100,200,100,100,100,100,100,100,200,500,200,300,200,200
160.0,298.49,53400,15951805.0,298.15,298.14,298.12,298.11,298.0,297.98,297.57,297.55,297.48,297.47,298.76,298.77,298.78,298.84,298.9,298.95,298.96,298.97,298.98,298.99,300,100,300,100,100,100,100,200,100,100,100,100,100,100,200,500,200,300,200,200
161.0,298.49,53400,15951805.0,298.15,298.14,298.12,298.11,298.0,297.57,297.55,297.48,297.47,297.46,298.47,298.76,298.77,298.78,298.84,298.9,298.95,298.96,298.97,298.98,300,100,300,100,100,100,200,100,100,400,300,200,100,100,100,200,500,100,300,200
162.0,298.47,53500,15981652.0,298.15,298.14,298.12,298.11,298.0,297.57,297.55,297.48,297.47,297.46,298.47,298.76,298.77,298.78,298.84,298.9,298.95,298.96,298.97,298.98,300,100,300,100,100,100,200,100,100,700,300,200,100,100,100,200,500,100,300,200
163.0,298.47,53500,15981652.0,298.15,298.14,298.12,298.11,298.0,297.57,297.55,297.48,297.47,297.46,298.47,298.76,298.77,298.78,298.84,298.9,298.95,298.96,298.97,298.98,400,100,300,100,100,100,200,100,100,800,300,100,100,100,100,200,500,100,300,200
164.0,298.47,53500,15981652.0,298.15,298.14,298.12,298.11,298.0,297.57,297.55,297.48,297.47,297.46,298.47,298.77,298.78,298.84,298.9,298.95,298.96,298.97,298.98,298.99,500,100,300,100,100,100,200,100,100,800,400,100,100,100,100,500,100,300,200,200
165.0,298.47,53700,16041346.0,298.15,298.14,298.12,298.11,298.0,297.57,297.55,297.48,297.47,297.46,298.47,298.77,298.78,298.84,298.9,298.95,298.96,298.97,298.98,298.99,600,100,300,100,100,100,200,100,100,800,200,100,100,100,100,500,100,200,200,200
166.0,298.47,53700,16041346.0,298.15,298.14,298.12,298.11,298.0,297.57,297.55,297.48,297.47,297.46,298.47,298.77,298.78,298.84,298.9,298.95,298.96,298.97,298.98,298.99,600,100,300,100,100,100,200,100,100,800,200,100,100,100,100,500,100,200,200,200
167.0,298.15,53900,16100976.0,298.15,298.14,298.12,298.11,298.0,297.57,297.55,297.48,297.47,297.46,298.47,298.77,298.78,298.84,298.9,298.95,298.96,298.97,298.98,298.99,400,100,300,100,100,100,200,100,100,800,200,100,100,100,100,500,100,200,200,200
168.0,298.47,54000,16130823.0,298.15,298.14,298.12,298.11,298.0,297.57,297.55,297.48,297.47,297.46,298.47,298.77,298.84,298.9,298.95,298.96,298.97,298.98,298.99,299.0,500,100,300,100,100,100,200,100,100,800,100,100,100,100,500,100,200,200,200,300
169.0,298.15,54100,16160638.0,298.15,298.14,298.12,298.11,298.0,297.57,297.55,297.48,297.47,297.46,298.47,298.77,298.84,298.9,298.95,298.96,298.97,298.98,298.99,299.0,400,100,300,100,100,100,200,100,100,800,200,100,100,100,500,100,200,200,200,300
170.0,298.16,54300,16220269.0,298.16,298.15,298.14,298.12,298.0,297.57,297.55,297.48,297.47,297.46,298.47,298.84,298.9,298.95,298.96,298.97,298.98,298.99,299.0,299.28,200,300,100,300,100,100,200,100,100,800,300,100,100,500,100,200,200,200,300,100
171.0,298.47,54400,16250116.0,298.16,298.15,298.14,298.12,298.0,297.57,297.55,297.48,297.47,297.46,298.47,298.84,298.9,298.95,298.96,298.97,298.98,298.99,299.0,299.28,200,300,100,300,100,100,200,100,100,800,300,100,100,500,100,200,200,200,300,100
172.0,298.16,54500,16279932.0,298.16,298.15,298.14,298.12,298.0,297.57,297.55,297.48,297.47,297.46,298.47,298.84,298.9,298.95,298.96,298.97,298.98,298.99,299.0,299.28,100,300,100,300,100,100,200,100,100,800,300,100,100,500,100,200,200,200,300,100
173.0,298.16,54500,16279932.0,298.31,298.16,298.15,298.14,298.12,298.0,297.57,297.55,297.48,297.47,298.46,298.47,298.84,298.9,298.95,298.96,298.97,298.98,298.99,299.0,100,200,300,100,300,100,100,200,100,100,100,300,100,100,500,100,200,200,200,300
174.0,298.16,54500,16279932.0,298.31,298.16,298.15,298.14,298.12,298.0,297.57,297.55,297.48,297.47,298.46,298.47,298.84,298.9,298.95,298.96,298.97,298.98,298.99,299.0,100,200,300,100,300,100,100,200,100,100,100,300,100,100,500,100,200,100,200,300
175.0,298.16,54500,16279932.0,298.31,298.16,298.15,298.14,298.12,298.0,297.57,297.55,297.48,297.47,298.46,298.47,298.84,298.9,298.95,298.96,298.97,298.98,298.99,299.0,100,200,300,100,300,100,100,200,100,100,100,300,100,100,500,100,200,100,200,300
176.0,298.16,54500,16279932.0,298.31,298.16,298.15,298.14,298.12,298.0,297.57,297.55,297.48,297.47,298.46,298.47,298.84,298.9,298.95,298.96,298.97,298.98,298.99,299.0,100,200,300,100,300,100,100,200,100,100,200,300,100,100,500,100,200,100,200,300
177.0,298.46,54700,16339624.0,298.31,298.16,298.15,298.14,298.12,298.0,297.57,297.55,297.48,297.47,298.47,298.84,298.9,298.95,298.96,298.97,298.98,298.99,299.0,299.28,200,200,300,100,300,100,100,200,100,100,300,100,100,500,100,200,100,200,300,100
178.0,298.46,54700,16339624.0,298.31,298.16,298.15,298.14,298.12,298.0,297.57,297.55,297.48,297.47,298.47,298.84,298.9,298.95,298.96,298.97,298.98,298.99,299.0,299.28,300,200,300,100,300,100,100,200,100,100,300,100,100,500,100,100,100,200,300,100
179.0,298.46,54800,16369470.0,298.31,298.16,298.15,298.14,298.12,298.0,297.57,297.55,297.48,297.47,298.46,298.47,298.84,298.9,298.95,298.96,298.97,298.98,298.99,299.0,300,200,300,100,300,100,100,200,100,100,200,300,100,100,500,100,100,100,200,300
180.0,298.46,54900,16399316.0,298.31,298.16,298.15,298.14,298.12,298.0,297.57,297.55,297.48,297.47,298.46,298.47,298.84,298.9,298.95,298.96,298.97,298.98,298.99,299.0,300,200,300,100,300,100,100,200,100,100,100,400,100,100,400,100,100,100,200,300
181.0,298.46,54900,16399316.0,298.31,298.16,298.15,298.14,298.12,298.0,297.57,297.55,297.48,297.47,298.46,298.47,298.84,298.9,298.95,298.96,298.97,298.98,298.99,299.0,300,200,300,100,300,100,100,200,100,100,100,400,100,100,400,100,100,100,200,300
182.0,298.31,55200,16488809.0,298.16,298.15,298.14,298.12,298.0,297.57,297.55,297.48,297.47,297.46,298.45,298.46,298.47,298.84,298.9,298.95,298.96,298.97,298.98,298.99,200,300,100,300,100,100,200,100,100,800,100,200,400,100,100,400,100,100,100,200
183.0,298.47,55500,16578347.0,298.16,298.15,298.14,298.12,298.0,297.57,297.55,297.48,297.47,297.46,298.47,298.84,298.9,298.95,298.96,298.97,298.98,298.99,299.0,299.28,300,200,100,300,100,100,200,100,100,800,300,100,100,400,100,100,100,200,300,100
184.0,298.47,55800,16667888.0,298.31,298.16,298.15,298.14,298.12,298.0,297.57,297.55,297.48,297.47,298.84,298.9,298.95,298.96,298.97,298.98,298.99,299.0,299.28,299.43,100,300,200,100,300,100,100,200,100,100,100,100,400,100,100,100,200,300,100,100
185.0,298.47,55800,16667888.0,298.31,298.16,298.15,298.14,298.12,298.0,297.57,297.55,297.48,297.47,298.84,298.9,298.95,298.96,298.97,298.98,298.99,299.0,299.28,299.43,100,300,200,100,300,100,100,200,100,100,100,100,400,100,100,100,200,300,100,100
186.0,298.47,55800,16667888.0,298.49,298.47,298.31,298.16,298.15,298.14,298.12,298.0,297.57,297.55,298.84,298.9,298.95,298.96,298.97,298.98,298.99,299.0,299.28,299.43,100,200,100,300,200,100,300,100,100,200,100,100,400,100,100,100,200,300,100,100
187.0,298.47,55800,16667888.0,298.49,298.47,298.31,298.16,298.15,298.14,298.12,298.0,297.57,297.55,298.84,298.9,298.95,298.96,298.97,298.98,298.99,299.0,299.28,299.43,100,200,100,300,200,100,300,100,100,200,100,100,400,100,100,100,200,300,100,100
188.0,298.47,55800,16667888.0,298.49,298.47,298.31,298.16,298.15,298.14,298.12,298.0,297.57,297.55,298.84,298.9,298.95,298.96,298.97,298.98,298.99,299.0,299.28,299.43,100,200,100,300,200,100,300,100,100,200,100,100,400,100,100,100,200,300,100,100
189.0,298.0,60200,17979560.0,297.62,297.61,297.6,297.59,297.58,297.57,297.55,297.5,297.48,297.47,298.86,298.9,298.95,298.96,298.97,298.98,298.99,299.0,299.28,299.43,100,100,100,100,300,100,200,100,100,100,200,100,400,100,100,100,200,300,100,100
190.0,298.0,60200,17979560.0,298.3,297.66,297.65,297.63,297.62,297.6,297.58,297.57,297.55,297.5,298.73,298.77,298.84,298.85,298.86,298.9,298.95,298.96,298.97,298.98,200,100,100,100,100,100,300,100,200,100,200,100,100,200,200,100,400,100,100,100
191.0,298.0,60200,17979560.0,298.3,297.66,297.65,297.63,297.62,297.6,297.58,297.57,297.55,297.5,298.73,298.77,298.84,298.85,298.86,298.9,298.95,298.97,298.98,298.99,400,100,100,100,100,100,300,100,200,100,200,100,100,700,600,100,400,100,100,200
192.0,298.85,60900,18188719.0,298.3,297.66,297.65,297.63,297.62,297.6,297.57,297.55,297.5,297.48,298.75,298.84,298.85,298.86,298.9,298.95,298.97,298.98,298.99,299.0,400,100,100,100,100,100,100,200,100,100,300,100,500,500,100,400,100,100,200,300
193.0,298.85,60900,18188719.0,298.3,297.66,297.65,297.63,297.62,297.6,297.57,297.55,297.5,297.48,298.74,298.75,298.84,298.85,298.86,298.9,298.95,298.97,298.98,298.99,400,100,100,100,100,100,100,200,100,100,200,300,100,500,500,100,400,100,100,200
194.0,298.3,61000,18218549.0,298.3,297.66,297.65,297.63,297.62,297.6,297.57,297.55,297.5,297.48,298.73,298.74,298.75,298.84,298.85,298.86,298.9,298.95,298.97,298.98,300,100,100,100,100,100,100,200,100,100,300,300,400,100,500,200,100,400,100,100
195.0,298.3,61000,18218549.0,298.31,298.3,297.66,297.63,297.62,297.6,297.57,297.55,297.5,297.48,298.66,298.72,298.74,298.75,298.84,298.85,298.86,298.9,298.95,298.97,100,300,100,100,100,100,100,200,100,100,200,100,400,100,100,500,200,100,400,100
196.0,298.3,61000,18218549.0,298.31,298.3,297.66,297.63,297.62,297.6,297.57,297.55,297.5,297.48,298.66,298.72,298.74,298.75,298.84,298.85,298.86,298.9,298.95,298.97,100,300,100,100,100,100,100,200,100,100,200,100,400,200,100,500,200,100,400,100
197.0,298.31,61100,18248380.0,298.3,297.63,297.62,297.6,297.57,297.55,297.5,297.48,297.46,297.12,298.31,298.66,298.72,298.74,298.75,298.8,298.84,298.85,298.86,298.9,300,100,100,100,100,200,100,100,800,100,100,300,100,400,100,100,100,500,100,100
198.0,298.3,61400,18337870.0,297.7,297.65,297.64,297.63,297.62,297.6,297.57,297.55,297.5,297.48,298.31,298.66,298.72,298.74,298.75,298.8,298.84,298.85,298.86,298.9,100,100,200,200,100,100,100,200,100,100,100,300,100,400,100,100,100,500,100,100
199.0,298.3,61400,18337870.0,297.71,297.7,297.64,297.63,297.62,297.6,297.57,297.55,297.5,297.48,298.31,298.66,298.74,298.75,298.8,298.84,298.85,298.86,298.9,298.95,200,100,200,100,100,100,100,200,100,100,100,300,400,100,100,100,500,100,100,400
200.0,298.31,61500,18367701.0,297.91,297.9,297.71,297.7,297.64,297.63,297.62,297.6,297.57,297.55,298.3,298.31,298.66,298.74,298.75,298.8,298.84,298.85,298.86,298.9,100,100,300,100,200,100,100,100,100,200,100,100,200,400,100,100,100,500,100,100
201.0,298.66,61800,18457228.0,297.91,297.9,297.71,297.7,297.64,297.63,297.62,297.6,297.57,297.55,298.31,298.66,298.74,298.75,298.8,298.84,298.85,298.86,298.95,298.97,100,100,300,100,200,100,100,100,100,200,100,100,200,100,100,100,500,100,400,100
202.0,298.31,61900,18487059.0,297.91,297.9,297.71,297.7,297.64,297.63,297.62,297.6,297.57,297.55,298.66,298.74,298.75,298.8,298.84,298.85,298.86,298.95,298.97,298.98,100,100,300,100,200,100,100,100,100,200,100,200,100,100,100,500,100,400,100,100
203.0,298.31,61900,18487059.0,298.05,298.04,297.91,297.71,297.7,297.64,297.63,297.62,297.6,297.57,298.31,298.66,298.74,298.75,298.8,298.84,298.85,298.86,298.95,298.97,100,100,200,300,100,200,100,100,100,100,100,100,200,100,100,100,500,100,400,100
204.0,298.31,61900,18487059.0,298.05,298.04,297.91,297.71,297.7,297.64,297.63,297.62,297.6,297.57,298.31,298.66,298.67,298.74,298.75,298.8,298.84,298.85,298.86,298.95,100,100,200,300,100,200,100,100,100,100,100,100,200,200,100,100,100,500,100,400
205.0,298.31,61900,18487059.0,298.05,298.04,297.91,297.71,297.7,297.64,297.63,297.62,297.6,297.57,298.31,298.66,298.67,298.74,298.75,298.8,298.84,298.85,298.86,298.95,100,100,200,300,100,200,100,100,100,100,100,100,200,200,100,100,400,500,100,400
206.0,298.31,61900,18487059.0,298.05,297.91,297.71,297.7,297.64,297.63,297.62,297.57,297.55,297.5,298.31,298.66,298.67,298.74,298.75,298.8,298.84,298.85,298.86,298.95,100,200,300,100,200,100,100,100,200,100,100,100,200,200,100,100,400,500,100,400
207.0,298.31,61900,18487059.0,298.05,297.91,297.71,297.7,297.64,297.63,297.62,297.57,297.55,297.5,298.31,298.66,298.67,298.74,298.75,298.8,298.84,298.85,298.86,298.95,100,200,300,100,200,100,100,100,200,100,100,100,200,200,100,100,400,500,100,400
208.0,298.31,61900,18487059.0,297.91,297.71,297.7,297.64,297.63,297.62,297.57,297.55,297.5,297.48,298.31,298.66,298.67,298.74,298.75,298.8,298.84,298.85,298.86,298.95,200,300,100,200,100,100,100,200,100,100,100,100,200,100,100,100,400,400,100,400
209.0,298.58,62100,18546748.0,298.05,297.91,297.71,297.7,297.64,297.63,297.62,297.57,297.55,297.5,298.58,298.66,298.67,298.74,298.75,298.8,298.84,298.85,298.86,298.95,100,200,300,100,200,100,100,100,200,100,100,100,200,100,100,100,400,400,100,400
210.0,298.58,62100,18546748.0,298.05,297.91,297.71,297.7,297.64,297.63,297.62,297.57,297.55,297.5,298.54,298.66,298.67,298.74,298.75,298.8,298.84,298.85,298.86,298.95,100,200,300,100,200,100,100,100,200,100,100,100,200,100,100,100,400,400,100,400
211.0,298.31,62200,18576579.0,298.05,297.91,297.71,297.7,297.64,297.63,297.62,297.57,297.55,297.5,298.54,298.66,298.67,298.74,298.75,298.8,298.84,298.85,298.86,298.95,100,200,300,100,200,100,100,100,200,100,100,100,200,100,100,100,400,400,100,400
212.0,298.05,62300,18606384.0,297.91,297.71,297.7,297.64,297.63,297.62,297.57,297.55,297.5,297.48,298.0,298.54,298.57,298.66,298.67,298.74,298.75,298.8,298.84,298.85,200,300,100,200,100,100,100,200,100,100,10700,100,100,100,200,100,100,100,300,400
213.0,298.0,62500,18665984.0,297.91,297.71,297.7,297.64,297.63,297.62,297.57,297.55,297.5,297.48,297.99,298.0,298.54,298.57,298.66,298.67,298.74,298.75,298.8,298.84,100,300,100,200,100,100,100,200,100,100,200,10500,100,200,100,200,100,100,100,300
214.0,298.0,62500,18665984.0,297.91,297.71,297.7,297.64,297.63,297.62,297.57,297.55,297.5,297.48,297.99,298.0,298.54,298.57,298.6,298.66,298.67,298.74,298.75,298.8,100,300,100,200,100,100,100,200,100,100,200,10500,100,200,100,100,200,100,100,100
215.0,297.91,62600,18695775.0,297.71,297.64,297.62,297.57,297.55,297.5,297.48,297.46,297.12,297.1,297.91,297.98,297.99,298.0,298.54,298.57,298.6,298.66,298.67,298.74,300,200,100,100,200,100,100,700,100,200,700,100,400,10500,100,200,100,100,200,100
216.0,297.64,63100,18844616.0,297.62,297.5,297.46,297.12,297.1,297.01,297.0,296.88,296.85,296.68,297.64,297.71,297.91,297.98,297.99,298.0,298.54,298.57,298.6,298.66,100,100,700,100,200,300,600,100,100,100,500,600,900,100,400,10500,100,200,100,100
217.0,297.46,64000,19112350.0,297.13,297.12,297.1,297.01,297.0,296.88,296.85,296.68,296.51,296.31,297.64,297.71,297.91,297.98,297.99,298.0,298.54,298.57,298.6,298.66,100,100,200,300,600,100,100,100,200,100,100,200,900,100,500,10500,100,200,100,100
218.0,297.46,64000,19112350.0,297.25,297.24,297.13,297.12,297.1,297.01,297.0,296.88,296.85,296.68,297.45,297.64,297.71,297.91,297.98,297.99,298.0,298.54,298.57,298.6,100,100,100,100,200,300,600,100,100,100,100,100,200,600,100,500,10500,100,200,100
219.0,297.71,64600,19290897.0,297.25,297.24,297.13,297.12,297.1,297.01,297.0,296.88,296.85,296.68,297.9,297.91,297.98,297.99,298.0,298.54,298.57,298.6,298.66,298.67,100,100,100,100,200,300,600,100,100,100,200,600,100,500,10500,100,200,100,100,200
220.0,297.71,64600,19290897.0,297.25,297.24,297.13,297.12,297.1,297.01,297.0,296.88,296.85,296.68,297.9,297.91,297.98,297.99,298.0,298.54,298.57,298.6,298.66,298.67,100,100,100,100,200,300,600,100,100,100,200,600,100,400,10500,100,200,100,100,200
221.0,297.9,64900,19380264.0,297.48,297.47,297.25,297.13,297.12,297.1,297.01,297.0,296.88,296.85,297.91,297.98,297.99,298.0,298.54,298.57,298.6,298.66,298.67,298.74,100,100,100,100,100,200,300,600,100,100,600,100,400,10500,100,200,100,100,200,100
222.0,297.9,65100,19439845.0,297.48,297.47,297.25,297.13,297.12,297.1,297.01,297.0,296.88,296.85,297.9,297.91,297.98,297.99,298.0,298.54,298.57,298.6,298.66,298.67,100,100,100,100,100,200,300,600,100,100,100,500,100,400,10500,100,200,100,100,200
223.0,297.91,65200,19469636.0,297.48,297.47,297.25,297.13,297.12,297.1,297.01,297.0,296.88,296.85,297.91,297.98,297.99,298.0,298.54,298.57,298.6,298.66,298.67,298.74,100,100,100,100,100,200,300,600,100,100,400,100,400,10500,100,200,100,100,200,100
224.0,297.62,65300,19499398.0,297.48,297.25,297.13,297.12,297.1,297.02,297.01,297.0,296.88,296.85,297.91,297.96,297.98,297.99,298.0,298.54,298.57,298.6,298.66,298.67,100,100,100,100,200,100,300,600,100,100,400,200,100,400,10500,100,200,100,100,200
225.0,297.91,65400,19529189.0,297.48,297.25,297.13,297.12,297.1,297.02,297.01,297.0,296.88,296.85,297.91,297.96,297.98,297.99,298.0,298.54,298.57,298.6,298.66,298.67,100,100,100,100,200,100,300,600,100,100,300,200,100,400,10500,100,200,100,100,200
226.0,297.91,65400,19529189.0,297.48,297.25,297.13,297.12,297.1,297.02,297.01,297.0,296.88,296.85,297.91,297.96,297.98,297.99,298.0,298.54,298.57,298.6,298.66,298.67,100,100,100,100,200,100,300,600,100,100,300,200,100,400,10500,100,100,100,100,200
227.0,297.91,65400,19529189.0,297.25,297.13,297.12,297.1,297.02,297.01,297.0,296.88,296.85,296.68,297.9,297.91,297.96,297.98,297.99,298.0,298.54,298.57,298.6,298.66,100,100,100,200,100,300,600,100,100,100,100,300,200,100,400,10500,100,100,100,100
228.0,297.9,65500,19558979.0,297.25,297.13,297.12,297.1,297.02,297.01,297.0,296.88,296.85,296.68,297.9,297.91,297.96,297.98,297.99,298.0,298.54,298.57,298.6,298.66,100,100,100,200,100,300,600,100,100,100,100,300,200,100,400,10500,100,100,100,100
229.0,297.9,65500,19558979.0,297.25,297.13,297.12,297.1,297.02,297.01,297.0,296.88,296.85,296.68,297.9,297.91,297.96,297.98,297.99,298.0,298.54,298.57,298.6,298.66,100,100,100,200,100,300,600,100,100,100,100,100,200,100,400,10500,100,100,100,100
230.0,297.48,65600,19588727.0,297.25,297.13,297.12,297.1,297.02,297.01,297.0,296.88,296.85,296.68,297.9,297.91,297.96,297.98,297.99,298.0,298.54,298.57,298.6,298.66,100,100,100,200,100,300,600,100,100,100,100,200,200,100,400,10500,100,100,100,100
231.0,297.48,65600,19588727.0,297.25,297.13,297.12,297.1,297.02,297.01,297.0,296.88,296.85,296.68,297.9,297.91,297.96,297.98,297.99,298.0,298.54,298.57,298.6,298.66,200,100,100,200,100,300,600,100,100,100,200,200,200,100,400,10500,100,100,100,100
232.0,297.48,65600,19588727.0,297.36,297.31,297.26,297.25,297.13,297.12,297.1,297.02,297.01,297.0,297.9,297.91,297.96,297.98,297.99,298.0,298.54,298.57,298.6,298.66,100,100,300,200,100,100,200,100,300,600,200,200,200,100,300,10500,100,100,100,100
233.0,297.48,65600,19588727.0,297.39,297.37,297.31,297.26,297.25,297.13,297.12,297.1,297.02,297.01,297.9,297.91,297.96,297.98,297.99,298.0,298.6,298.66,298.67,298.74,100,100,100,300,200,100,100,200,100,300,200,200,200,100,300,10500,100,100,200,100
234.0,297.48,65600,19588727.0,297.39,297.37,297.31,297.26,297.25,297.13,297.12,297.1,297.02,297.01,297.9,297.91,297.96,297.98,297.99,298.0,298.6,298.66,298.67,298.74,100,100,100,300,200,100,100,200,100,300,200,200,200,100,300,10500,100,100,200,100
235.0,297.26,66000,19707660.0,297.26,297.25,297.13,297.12,297.1,297.02,297.01,297.0,296.88,296.85,297.89,297.9,297.91,297.96,297.98,297.99,298.0,298.6,298.66,298.67,200,200,100,100,200,100,300,600,100,100,100,200,200,200,100,200,10500,100,100,200
236.0,297.26,66000,19707660.0,297.26,297.25,297.13,297.12,297.1,297.02,297.01,297.0,296.88,296.85,297.75,297.84,297.89,297.9,297.91,297.96,297.98,297.99,298.0,298.6,200,100,100,100,200,100,300,600,100,100,300,100,400,200,200,200,100,200,10500,100
237.0,297.75,66200,19767210.0,297.26,297.25,297.13,297.12,297.1,297.02,297.01,297.0,296.88,296.85,297.75,297.84,297.89,297.9,297.91,297.96,297.98,297.99,298.0,298.6,200,100,100,100,200,100,300,800,100,100,200,100,600,200,200,200,100,100,10500,100
238.0,297.75,66200,19767210.0,297.26,297.25,297.13,297.12,297.1,297.02,297.01,297.0,296.88,296.85,297.75,297.84,297.89,297.9,297.91,297.96,297.98,297.99,298.0,298.6,200,100,100,100,200,100,300,800,100,100,200,100,600,200,200,200,100,100,10500,100
239.0,297.26,66400,19826662.0,297.25,297.13,297.12,297.1,297.02,297.01,297.0,296.88,296.85,296.68,297.75,297.84,297.89,297.9,297.91,297.98,297.99,298.0,298.6,298.66,100,100,100,200,100,300,800,100,100,100,300,100,600,100,200,100,100,10500,100,100
240.0,297.75,66500,19856437.0,297.25,297.13,297.12,297.1,297.02,297.01,297.0,296.88,296.85,296.68,297.75,297.84,297.89,297.9,297.91,297.98,297.99,298.0,298.6,298.66,100,100,100,200,100,300,800,100,100,100,200,100,600,100,200,100,100,10500,100,100
241.0,297.75,66500,19856437.0,297.25,297.16,297.13,297.12,297.1,297.02,297.01,297.0,296.88,296.85,297.75,297.84,297.89,297.9,297.91,297.98,297.99,298.0,298.6,298.66,100,100,100,100,200,100,300,800,100,100,200,100,600,100,200,100,100,10500,100,100
242.0,297.75,66500,19856437.0,297.25,297.16,297.13,297.12,297.1,297.02,297.01,297.0,296.88,296.85,297.74,297.75,297.84,297.89,297.9,297.91,297.98,297.99,298.0,298.6,100,100,100,100,200,100,200,800,100,100,200,200,100,600,100,200,100,100,10500,100
243.0,297.74,66600,19886211.0,297.25,297.16,297.13,297.12,297.1,297.02,297.01,297.0,296.88,296.85,297.74,297.75,297.84,297.89,297.9,297.91,297.98,297.99,298.0,298.6,100,100,100,100,200,100,200,800,100,100,100,200,100,600,100,200,100,100,10500,100
244.0,297.25,66700,19915936.0,297.16,297.12,297.1,297.02,297.01,297.0,296.88,296.85,296.68,296.51,297.74,297.75,297.84,297.89,297.9,297.91,297.98,297.99,298.0,298.6,100,100,200,100,200,800,100,100,100,200,100,200,100,600,100,200,100,100,10500,100
245.0,297.16,66800,19945652.0,297.12,297.1,297.02,297.01,297.0,296.88,296.85,296.68,296.51,296.31,297.16,297.25,297.48,297.74,297.75,297.89,297.9,297.91,297.98,297.99,100,200,100,200,800,100,100,100,200,100,100,400,100,300,100,600,100,200,100,100
246.0,297.1,67100,20034784.0,297.02,297.01,297.0,296.88,296.85,296.68,296.51,296.31,296.24,296.02,297.16,297.25,297.48,297.5,297.73,297.74,297.75,297.89,297.9,297.91,100,200,800,100,100,100,200,100,100,100,100,400,100,100,100,300,100,500,100,200
247.0,297.02,67300,20094202.0,297.01,297.0,296.88,296.85,296.68,296.51,296.31,296.24,296.02,296.01,297.1,297.25,297.48,297.5,297.73,297.74,297.75,297.89,297.9,297.91,200,800,100,100,100,200,100,100,100,200,100,400,100,100,100,300,100,500,100,200
248.0,296.68,68600,20480245.0,296.51,296.31,296.24,296.02,296.01,296.0,295.51,295.49,295.35,295.11,296.99,297.0,297.02,297.03,297.15,297.16,297.25,297.48,297.5,297.73,200,100,100,100,200,400,200,3400,100,200,100,400,800,100,500,100,200,100,100,100
249.0,296.99,68700,20509944.0,296.51,296.31,296.24,296.02,296.01,296.0,295.51,295.49,295.35,295.11,296.98,296.99,297.0,297.02,297.03,297.15,297.16,297.25,297.48,297.5,200,100,100,100,200,400,200,3400,100,200,100,200,400,1000,100,500,100,200,100,100
250.0,296.99,68700,20509944.0,296.51,296.31,296.24,296.02,296.01,296.0,295.51,295.49,295.35,295.11,296.96,296.97,296.98,296.99,297.0,297.02,297.03,297.15,297.16,297.25,300,100,100,100,200,400,200,3400,100,200,100,200,100,200,400,1000,100,500,300,200
251.0,296.52,69400,20717503.0,296.32,296.31,296.24,296.02,296.01,296.0,295.51,295.49,295.35,295.11,296.51,296.96,296.97,296.98,297.0,297.02,297.03,297.15,297.16,297.25,300,100,100,100,200,400,200,3400,100,200,100,100,400,100,400,400,100,500,300,200
252.0,296.97,69700,20806547.0,296.54,296.5,296.41,296.33,296.31,296.24,296.02,296.01,296.0,295.51,296.96,296.97,296.98,297.0,297.02,297.03,297.15,297.16,297.25,297.48,300,100,100,100,100,100,100,200,400,200,100,300,100,400,400,100,500,300,200,100
253.0,296.97,70100,20925334.0,296.72,296.5,296.41,296.33,296.31,296.24,296.02,296.01,296.0,295.51,297.02,297.03,297.15,297.16,297.25,297.48,297.5,297.73,297.74,297.75,300,100,100,100,100,100,100,200,400,200,400,100,500,300,200,100,100,100,100,100
254.0,297.03,70600,21073845.0,296.96,296.5,296.41,296.33,296.31,296.24,296.02,296.01,296.0,295.51,297.15,297.16,297.25,297.48,297.5,297.73,297.74,297.75,297.89,297.9,100,100,100,100,100,100,100,200,400,200,500,300,200,100,100,100,100,100,500,100
255.0,297.25,71600,21371018.0,297.17,297.16,297.15,297.02,297.01,296.98,296.5,296.41,296.33,296.31,297.48,297.5,297.73,297.74,297.75,297.89,297.9,297.91,297.98,297.99,200,200,300,200,200,200,100,100,100,100,100,100,100,100,100,500,100,200,100,100
256.0,297.25,71600,21371018.0,297.17,297.16,297.15,297.02,297.01,296.99,296.98,296.5,296.41,296.33,297.47,297.48,297.5,297.73,297.74,297.75,297.89,297.91,297.98,297.99,400,200,300,200,200,200,200,100,100,100,300,200,100,100,100,100,500,200,100,100
257.0,297.18,71700,21400736.0,297.18,297.17,297.16,297.15,297.02,297.01,296.99,296.98,296.5,296.41,297.47,297.48,297.5,297.74,297.75,297.89,297.91,297.98,297.99,298.6,100,400,200,100,200,200,200,200,100,100,300,200,100,100,100,500,200,100,100,100
258.0,297.5,72300,21579223.0,297.28,297.24,297.19,297.18,297.17,297.16,297.15,297.02,297.01,296.99,297.74,297.75,297.89,297.91,297.98,297.99,298.6,298.66,298.74,298.75,200,100,400,100,400,100,100,200,200,200,200,100,400,200,100,100,100,100,100,100
259.0,297.5,72300,21579223.0,297.3,297.29,297.24,297.19,297.18,297.17,297.16,297.15,297.02,297.01,297.74,297.89,297.91,297.98,297.99,298.6,298.66,298.74,298.75,298.8,100,100,100,400,100,400,100,100,200,200,300,300,200,100,100,100,100,100,100,100
260.0,297.5,72300,21579223.0,297.38,297.37,297.32,297.3,297.29,297.24,297.19,297.18,297.17,297.03,297.74,297.89,297.91,297.98,297.99,298.6,298.66,298.74,298.75,298.8,400,100,100,100,100,100,400,100,500,100,300,100,200,100,100,100,100,100,100,100
261.0,297.74,72600,21668545.0,297.39,297.38,297.37,297.32,297.3,297.29,297.24,297.19,297.18,297.17,297.89,297.91,297.98,297.99,298.6,298.66,298.74,298.75,298.8,298.84,100,100,100,100,100,100,100,400,100,500,100,200,100,100,100,100,100,100,100,300
262.0,297.74,72600,21668545.0,297.39,297.38,297.37,297.32,297.3,297.29,297.24,297.19,297.18,297.17,297.89,297.91,297.98,297.99,298.6,298.66,298.74,298.75,298.8,298.84,100,100,100,100,100,100,100,400,100,500,100,200,100,100,100,100,100,100,100,300
263.0,297.74,72600,21668545.0,297.41,297.4,297.39,297.38,297.37,297.32,297.3,297.29,297.24,297.19,297.89,297.91,297.98,297.99,298.6,298.66,298.74,298.75,298.8,298.84,200,800,100,100,100,100,100,100,100,400,100,200,100,100,100,100,100,100,100,300
264.0,297.74,72600,21668545.0,297.43,297.42,297.4,297.39,297.38,297.37,297.32,297.3,297.29,297.24,297.89,297.91,297.98,297.99,298.6,298.66,298.74,298.75,298.8,298.84,100,100,800,100,100,100,100,100,100,100,100,200,100,100,100,100,100,100,100,300
265.0,297.74,72600,21668545.0,297.43,297.42,297.4,297.39,297.38,297.37,297.32,297.3,297.29,297.24,297.89,297.91,297.98,297.99,298.6,298.66,298.74,298.75,298.8,298.84,100,100,800,100,100,100,100,100,100,100,200,200,100,100,100,100,100,100,100,300
266.0,297.74,72600,21668545.0,297.43,297.42,297.4,297.39,297.38,297.37,297.32,297.3,297.29,297.24,297.88,297.89,297.91,297.98,297.99,298.6,298.66,298.74,298.75,298.8,100,100,800,100,100,100,100,100,100,100,200,200,200,100,100,100,100,100,100,100
267.0,297.88,72800,21728121.0,297.43,297.42,297.4,297.39,297.38,297.37,297.32,297.3,297.29,297.24,297.89,297.91,297.98,297.99,298.6,298.66,298.74,298.75,298.8,298.84,100,100,800,100,100,100,100,100,100,100,200,200,100,100,100,100,100,100,100,300
268.0,297.89,72900,21757910.0,297.61,297.57,297.45,297.43,297.42,297.4,297.39,297.38,297.37,297.32,297.89,297.91,297.98,297.99,298.6,298.66,298.74,298.75,298.8,298.84,200,100,100,100,100,800,100,100,100,100,100,200,100,100,100,100,100,100,100,300
269.0,297.91,73600,21966305.0,297.89,297.43,297.42,297.4,297.39,297.38,297.37,297.32,297.3,297.29,297.98,297.99,298.6,298.66,298.74,298.75,298.8,298.84,298.85,298.9,100,100,100,800,100,100,100,100,100,100,100,100,100,100,100,100,100,300,400,100
270.0,297.91,73600,21966305.0,297.91,297.89,297.43,297.4,297.39,297.38,297.37,297.32,297.3,297.29,297.98,297.99,298.6,298.66,298.74,298.75,298.8,298.84,298.85,298.9,100,100,100,800,100,100,100,100,100,100,100,100,100,100,100,100,100,300,400,100
271.0,297.99,73800,22025902.0,297.91,297.89,297.43,297.4,297.38,297.37,297.32,297.3,297.29,297.24,298.38,298.6,298.66,298.74,298.75,298.8,298.84,298.85,298.9,298.95,100,100,100,800,100,100,100,100,100,100,200,200,100,100,100,100,300,400,100,400
272.0,297.91,74300,22174855.0,297.56,297.55,297.5,297.49,297.43,297.4,297.38,297.37,297.36,297.3,297.91,298.6,298.66,298.74,298.75,298.8,298.84,298.85,298.9,298.95,100,200,100,300,100,800,100,100,100,100,600,100,100,100,100,100,300,400,100,400
273.0,297.91,74800,22323810.0,297.67,297.66,297.65,297.57,297.56,297.55,297.5,297.43,297.4,297.38,297.91,298.6,298.66,298.74,298.75,298.8,298.84,298.85,298.9,298.95,300,100,300,200,100,200,100,100,800,100,100,100,100,100,100,100,300,400,100,400
274.0,297.91,74800,22323810.0,297.67,297.66,297.65,297.57,297.56,297.55,297.5,297.43,297.4,297.38,297.91,298.6,298.66,298.74,298.75,298.8,298.84,298.85,298.9,298.95,300,100,300,200,100,200,100,100,800,100,100,100,100,100,100,100,300,400,100,400
275.0,297.9,75000,22383374.0,297.74,297.68,297.66,297.57,297.56,297.55,297.5,297.45,297.43,297.4,297.9,297.91,298.6,298.66,298.74,298.75,298.8,298.84,298.85,298.9,100,100,100,200,100,200,100,100,100,800,100,100,100,100,100,100,100,300,400,100
276.0,297.74,75400,22502518.0,297.57,297.55,297.45,297.43,297.4,297.38,297.37,297.3,297.29,297.24,298.2,298.34,298.56,298.59,298.6,298.66,298.74,298.75,298.8,298.84,200,200,100,100,800,100,100,100,100,100,200,100,100,100,100,100,100,100,100,300
277.0,297.58,75500,22532276.0,297.57,297.56,297.55,297.45,297.43,297.4,297.38,297.37,297.3,297.29,297.68,298.34,298.56,298.6,298.66,298.74,298.75,298.8,298.84,298.85,200,200,200,100,100,800,100,100,100,100,200,100,100,100,100,100,100,100,300,400
278.0,297.58,75700,22591792.0,297.57,297.56,297.45,297.43,297.4,297.38,297.37,297.3,297.29,297.24,297.67,297.68,298.34,298.56,298.6,298.66,298.74,298.75,298.8,298.84,200,200,100,100,800,100,100,100,100,100,100,100,100,100,100,100,100,100,100,300
279.0,297.67,75800,22621559.0,297.57,297.56,297.45,297.43,297.4,297.38,297.37,297.3,297.29,297.24,297.67,297.68,298.34,298.56,298.6,298.66,298.74,298.75,298.8,298.84,200,200,100,100,800,100,100,100,100,100,100,100,100,100,100,100,100,100,100,300
280.0,297.67,75800,22621559.0,297.57,297.56,297.45,297.43,297.4,297.38,297.37,297.3,297.29,297.24,297.67,297.68,298.34,298.56,298.6,298.66,298.74,298.75,298.8,298.84,200,200,100,100,800,100,100,100,100,100,100,100,100,100,100,100,100,100,100,300
281.0,297.67,75800,22621559.0,297.57,297.56,297.45,297.43,297.4,297.38,297.37,297.3,297.24,297.18,297.67,297.68,298.34,298.56,298.6,298.66,298.74,298.75,298.8,298.84,200,200,100,100,800,100,100,100,100,100,100,100,100,100,100,100,100,100,100,300
282.0,297.67,75900,22651326.0,297.57,297.56,297.45,297.43,297.4,297.38,297.37,297.3,297.24,297.18,297.68,298.34,298.56,298.6,298.66,298.74,298.75,298.8,298.84,298.85,200,200,100,100,800,100,100,100,100,100,100,100,100,100,100,100,100,100,300,400
283.0,297.91,76100,22710885.0,297.67,297.57,297.56,297.45,297.43,297.4,297.38,297.37,297.3,297.24,298.27,298.56,298.6,298.66,298.74,298.75,298.8,298.84,298.85,298.9,200,200,200,100,100,800,100,100,100,100,200,100,100,100,100,100,100,300,400,100
284.0,297.91,76100,22710885.0,297.67,297.57,297.56,297.45,297.43,297.4,297.38,297.37,297.3,297.24,298.27,298.5,298.56,298.6,298.66,298.74,298.75,298.8,298.84,298.85,200,200,200,100,100,800,100,100,100,100,200,100,100,100,100,100,100,100,300,400
285.0,297.67,76500,22829953.0,297.58,297.57,297.56,297.45,297.43,297.4,297.38,297.37,297.3,297.24,297.67,298.48,298.5,298.56,298.6,298.66,298.74,298.75,298.8,298.84,100,200,200,100,100,800,100,100,100,100,100,300,100,100,100,100,100,100,100,300
286.0,297.67,76500,22829953.0,297.57,297.56,297.45,297.43,297.4,297.38,297.37,297.3,297.24,297.18,297.67,298.48,298.5,298.56,298.6,298.66,298.74,298.75,298.8,298.84,200,200,100,100,800,100,100,100,100,100,100,300,100,100,100,100,100,100,100,300
287.0,297.57,76800,22919235.0,297.57,297.56,297.45,297.43,297.4,297.38,297.37,297.3,297.24,297.18,297.66,298.47,298.48,298.5,298.56,298.6,298.66,298.74,298.75,298.8,100,200,100,100,800,100,100,100,100,100,100,200,300,100,100,100,100,100,100,100
288.0,297.66,77000,22978758.0,297.56,297.45,297.4,297.38,297.24,297.17,297.03,297.02,297.0,296.99,298.04,298.13,298.42,298.47,298.48,298.5,298.56,298.6,298.66,298.74,400,100,800,100,100,200,100,200,100,200,200,100,100,100,300,100,100,100,100,100
289.0,297.56,77100,23008514.0,297.56,297.45,297.4,297.38,297.24,297.17,297.03,297.02,297.0,296.99,298.04,298.13,298.42,298.47,298.48,298.5,298.56,298.6,298.66,298.74,300,100,800,100,100,200,100,200,100,200,300,100,100,100,300,100,100,100,100,100
290.0,297.56,77400,23097782.0,297.45,297.4,297.38,297.17,297.03,297.02,297.0,296.99,296.9,296.87,297.56,298.03,298.04,298.13,298.42,298.48,298.5,298.56,298.6,298.66,100,800,100,200,100,200,100,200,100,200,200,100,200,100,100,300,100,100,100,100
291.0,297.65,77700,23187059.0,297.45,297.4,297.38,297.17,297.03,297.02,297.0,296.99,296.9,296.87,298.02,298.03,298.04,298.13,298.42,298.48,298.5,298.56,298.6,298.66,100,1200,100,200,100,200,100,200,100,200,200,100,400,100,100,300,100,100,100,100
292.0,297.65,77700,23187059.0,297.45,297.4,297.38,297.17,297.03,297.02,297.0,296.99,296.9,296.87,297.54,297.67,298.03,298.04,298.13,298.42,298.47,298.48,298.5,298.56,100,1200,100,200,100,200,100,200,100,200,100,100,100,400,100,100,300,300,100,100
293.0,297.65,77700,23187059.0,297.45,297.4,297.38,297.17,297.03,297.02,297.0,296.99,296.9,296.87,297.54,297.67,298.01,298.02,298.03,298.04,298.13,298.42,298.47,298.48,100,800,100,100,100,200,100,200,100,200,100,100,100,300,100,100,100,100,300,300
294.0,297.67,77900,23246580.0,297.45,297.4,297.38,297.17,297.03,297.02,297.0,296.99,296.9,296.87,297.84,298.01,298.02,298.03,298.04,298.13,298.42,298.47,298.48,298.5,100,800,100,100,100,200,100,200,100,200,200,100,300,100,100,100,100,300,300,100
295.0,297.45,78000,23276325.0,297.4,297.38,297.17,297.03,297.02,297.0,296.99,296.9,296.87,296.5,297.54,298.01,298.02,298.03,298.04,298.13,298.42,298.47,298.48,298.5,800,100,100,100,200,100,200,100,200,100,100,100,300,100,100,100,100,300,300,100
296.0,297.45,78000,23276325.0,297.4,297.38,297.17,297.03,297.02,297.0,296.99,296.9,296.87,296.5,297.45,297.54,297.84,298.01,298.02,298.03,298.04,298.13,298.42,298.47,700,100,100,100,400,100,200,100,200,100,500,100,100,100,100,100,100,100,100,300
297.0,297.45,78000,23276325.0,297.4,297.38,297.17,297.03,297.02,297.0,296.99,296.9,296.87,296.5,297.45,297.54,297.84,298.01,298.02,298.03,298.04,298.13,298.42,298.47,700,100,100,100,400,100,200,100,200,100,500,100,100,100,100,100,100,100,100,300
298.0,297.45,78000,23276325.0,297.4,297.38,297.17,297.02,297.0,296.99,296.9,296.87,296.5,296.31,297.45,297.54,297.84,298.01,298.02,298.03,298.04,298.13,298.42,298.47,700,100,100,400,200,200,100,200,100,100,600,100,100,100,100,100,100,100,100,300
299.0,297.38,78300,23365543.0,297.17,297.02,297.0,296.99,296.9,296.87,296.5,296.31,296.24,296.02,297.3,297.4,297.45,297.54,297.84,298.01,298.02,298.03,298.04,298.13,100,400,200,200,100,200,100,100,100,100,200,400,300,100,100,100,100,100,100,100
300.0,297.38,78300,23365543.0,297.18,297.17,297.02,297.0,296.99,296.9,296.87,296.5,296.31,296.24,297.3,297.4,297.45,297.54,297.84,298.01,298.02,298.03,298.04,298.13,100,100,200,200,200,100,200,100,100,100,200,400,300,100,100,100,100,100,100,100
301.0,297.38,78300,23365543.0,297.18,297.17,297.02,297.0,296.99,296.9,296.87,296.51,296.5,296.31,297.3,297.4,297.45,297.54,297.84,298.01,298.02,298.03,298.04,298.13,100,100,200,200,200,100,200,200,100,100,200,400,300,100,100,100,100,100,100,100
302.0,297.18,78800,23514132.0,297.02,297.0,296.99,296.9,296.87,296.5,296.31,296.24,296.02,296.01,297.3,297.4,297.45,297.54,297.84,298.01,298.02,298.03,298.04,298.13,200,200,200,100,200,100,100,100,100,200,200,100,200,100,100,100,100,100,100,100
303.0,297.3,78900,23543862.0,297.11,297.02,297.0,296.99,296.9,296.87,296.5,296.31,296.24,296.02,297.3,297.4,297.45,297.54,297.84,298.01,298.02,298.03,298.04,298.13,100,200,100,200,100,200,100,100,100,100,100,100,200,100,100,100,100,100,100,100
304.0,297.3,78900,23543862.0,297.11,297.02,297.0,296.99,296.9,296.87,296.5,296.31,296.24,296.02,297.3,297.4,297.45,297.54,297.84,298.01,298.02,298.03,298.04,298.13,100,200,100,200,100,200,100,100,100,100,100,100,200,100,100,100,100,100,100,100
305.0,297.11,79100,23603303.0,297.02,297.0,296.99,296.9,296.87,296.5,296.31,296.24,296.02,296.01,297.29,297.4,297.45,297.54,297.84,298.01,298.02,298.03,298.04,298.13,200,100,200,100,200,100,100,100,100,200,200,100,200,100,100,100,100,100,100,100
306.0,297.45,79600,23751991.0,297.04,297.03,297.02,297.0,296.99,296.9,296.87,296.5,296.31,296.24,297.54,297.84,298.01,298.02,298.03,298.04,298.13,298.42,298.48,298.56,200,300,200,100,200,100,200,100,100,100,100,100,100,100,100,100,100,100,300,100
307.0,297.45,79600,23751991.0,297.04,297.03,297.02,297.0,296.99,296.9,296.87,296.5,296.31,296.24,297.53,297.54,297.84,298.01,298.02,298.03,298.04,298.13,298.42,298.48,200,200,200,100,200,100,200,100,100,100,100,100,100,100,100,100,100,100,100,300
308.0,297.04,79800,23811399.0,297.03,297.02,297.0,296.99,296.9,296.87,296.5,296.31,296.24,296.02,297.52,297.53,297.54,297.84,298.01,298.02,298.03,298.04,298.13,298.42,200,200,100,200,100,200,100,100,100,100,100,100,200,100,100,100,100,100,100,100
309.0,297.52,79900,23841151.0,297.4,297.05,297.03,297.02,297.0,296.99,296.9,296.87,296.5,296.31,297.52,297.53,297.54,297.84,298.01,298.02,298.03,298.04,298.13,298.42,200,100,200,200,100,200,100,200,100,100,100,100,200,100,100,100,100,100,100,100
310.0,297.52,79900,23841151.0,297.45,297.4,297.05,297.03,297.0,296.99,296.9,296.87,296.5,296.31,297.52,297.53,297.54,297.84,298.01,298.02,298.03,298.04,298.13,298.42,200,200,100,200,100,200,100,200,100,100,100,100,200,100,100,100,100,100,100,100
311.0,297.4,80300,23960121.0,297.05,297.03,297.0,296.99,296.9,296.87,296.5,296.31,296.24,296.02,297.51,297.52,297.53,297.54,297.84,298.01,298.02,298.03,298.13,298.42,100,200,100,200,100,200,100,100,100,100,100,100,100,100,100,100,100,100,100,100
312.0,297.4,80300,23960121.0,297.05,297.03,297.0,296.99,296.9,296.87,296.5,296.31,296.24,296.02,297.51,297.52,297.53,297.54,297.84,298.01,298.02,298.03,298.13,298.42,100,200,100,200,100,200,100,100,100,100,200,100,100,100,100,100,100,100,100,100
313.0,297.4,80300,23960121.0,297.05,297.03,297.0,296.99,296.9,296.87,296.5,296.31,296.24,296.02,297.4,297.49,297.51,297.52,297.53,297.54,297.84,298.01,298.02,298.03,100,200,100,200,100,200,100,100,100,100,100,100,300,100,100,100,100,200,100,100
314.0,297.4,80300,23960121.0,297.05,297.03,297.0,296.99,296.9,296.87,296.5,296.31,296.24,296.02,297.3,297.31,297.34,297.39,297.49,297.51,297.54,297.84,298.01,298.02,100,200,100,200,100,200,100,100,100,100,100,100,100,100,100,400,100,100,200,100
315.0,297.3,80400,23989851.0,297.05,297.03,297.0,296.99,296.9,296.87,296.5,296.31,296.24,296.02,297.33,297.34,297.39,297.49,297.51,297.54,297.84,298.01,298.02,298.03,100,200,100,200,100,200,100,100,100,100,100,100,100,100,400,100,100,200,100,100
316.0,297.3,80600,24049307.0,297.05,297.03,297.0,296.99,296.9,296.87,296.5,296.31,296.24,296.02,297.32,297.33,297.34,297.39,297.49,297.51,297.84,298.01,298.02,298.03,100,200,2100,200,100,200,100,100,100,100,100,100,100,100,100,400,100,200,100,100
317.0,297.3,80600,24049307.0,297.05,297.03,297.0,296.99,296.9,296.87,296.5,296.31,296.24,296.02,297.33,297.39,297.49,297.51,297.84,298.01,298.02,298.03,298.13,298.42,100,200,2100,200,100,200,100,100,100,100,200,100,100,300,100,200,100,100,100,100
318.0,297.33,80800,24108773.0,297.33,297.05,297.03,297.0,296.99,296.9,296.87,296.5,296.31,296.24,297.49,297.51,297.84,298.01,298.02,298.03,298.13,298.42,298.48,298.56,100,100,200,2100,200,100,200,100,100,100,100,300,100,200,100,100,100,100,300,100
319.0,297.33,81700,24376696.0,297.06,297.05,297.03,297.0,296.99,296.9,296.87,296.5,296.31,296.24,298.03,298.13,298.42,298.48,298.56,298.6,298.66,298.74,298.75,298.8,100,100,200,2100,200,100,200,100,100,100,100,100,100,300,100,100,100,100,100,100
320.0,297.48,81900,24436192.0,297.49,297.48,297.38,297.19,297.17,297.16,297.15,297.14,297.13,297.12,298.02,298.03,298.42,298.48,298.56,298.6,298.66,298.74,298.75,298.8,200,100,100,100,100,100,100,200,200,100,200,100,100,300,100,100,100,100,100,100
321.0,297.48,81900,24436192.0,297.51,297.49,297.48,297.45,297.38,297.19,297.17,297.16,297.15,297.14,298.02,298.03,298.42,298.48,298.56,298.6,298.66,298.74,298.75,298.8,100,200,100,100,100,100,100,100,100,200,200,100,100,300,100,100,100,100,100,100
322.0,297.48,81900,24436192.0,297.51,297.49,297.48,297.45,297.38,297.19,297.17,297.16,297.15,297.14,298.01,298.02,298.03,298.42,298.48,298.56,298.6,298.66,298.74,298.75,100,200,100,100,100,100,100,100,100,200,100,200,100,100,300,100,100,100,100,100
323.0,297.48,81900,24436192.0,297.51,297.48,297.45,297.41,297.19,297.17,297.16,297.15,297.14,297.13,298.01,298.02,298.03,298.42,298.48,298.56,298.6,298.66,298.74,298.75,100,100,100,100,100,100,100,100,200,200,100,200,100,100,300,100,100,100,100,100
324.0,298.02,82500,24614791.0,297.63,297.45,297.41,297.19,297.17,297.16,297.15,297.14,297.13,297.12,298.0,298.01,298.02,298.03,298.42,298.48,298.56,298.6,298.66,298.74,100,100,100,100,100,100,100,100,200,100,100,100,200,100,100,300,100,100,100,100
325.0,297.48,83400,24882538.0,297.45,297.41,297.19,297.17,297.16,297.15,297.14,297.13,297.12,297.11,298.0,298.01,298.02,298.03,298.42,298.48,298.56,298.6,298.66,298.74,100,400,100,100,100,100,100,200,100,100,100,100,200,100,100,300,100,100,100,100
326.0,297.48,83400,24882538.0,297.45,297.41,297.19,297.17,297.16,297.15,297.14,297.13,297.12,297.1,297.98,297.99,298.0,298.01,298.02,298.03,298.42,298.48,298.56,298.6,100,400,100,100,100,100,100,200,100,100,100,200,100,100,200,100,100,300,100,100
327.0,298.0,83800,25001734.0,297.45,297.41,297.19,297.17,297.16,297.15,297.14,297.13,297.12,297.1,298.01,298.02,298.03,298.42,298.48,298.56,298.6,298.66,298.74,298.75,100,600,100,100,100,100,100,200,100,100,100,200,100,100,300,100,100,100,100,100
328.0,298.0,83800,25001734.0,297.45,297.41,297.19,297.17,297.16,297.15,297.14,297.13,297.12,297.1,297.98,297.99,298.01,298.02,298.03,298.42,298.48,298.56,298.6,298.66,100,600,100,100,100,100,100,200,100,100,100,100,100,200,100,100,300,100,100,100
329.0,298.0,83800,25001734.0,297.64,297.45,297.41,297.19,297.17,297.16,297.15,297.14,297.13,297.12,297.98,297.99,298.01,298.02,298.03,298.42,298.48,298.56,298.6,298.66,100,100,600,100,100,100,100,100,200,100,300,100,100,200,100,100,300,100,100,100
330.0,297.98,84000,25061330.0,297.64,297.45,297.41,297.19,297.17,297.16,297.15,297.14,297.13,297.12,297.98,297.99,298.01,298.02,298.03,298.42,298.48,298.56,298.6,298.66,100,100,600,100,100,100,100,100,200,100,100,100,100,200,100,100,300,100,100,100
331.0,297.98,84000,25061330.0,297.64,297.45,297.41,297.19,297.17,297.16,297.15,297.14,297.13,297.12,297.98,297.99,298.01,298.03,298.42,298.48,298.56,298.6,298.66,298.74,200,100,600,100,100,100,100,100,200,100,100,100,100,100,100,300,100,100,100,100
332.0,297.98,84000,25061330.0,297.64,297.45,297.41,297.13,297.07,297.06,297.05,297.0,296.99,296.9,297.98,297.99,298.01,298.03,298.42,298.48,298.56,298.6,298.66,298.74,200,100,600,100,100,100,300,2200,200,100,100,100,100,100,100,300,100,100,100,100
333.0,297.98,84000,25061330.0,297.64,297.45,297.41,297.13,297.07,297.06,297.05,297.0,296.99,296.9,297.98,297.99,298.01,298.03,298.42,298.48,298.56,298.6,298.66,298.74,200,100,600,100,100,100,300,2200,200,100,100,100,100,100,100,300,100,100,100,100
334.0,297.98,84000,25061330.0,297.65,297.64,297.45,297.41,297.13,297.07,297.06,297.05,297.0,296.99,297.98,297.99,298.01,298.03,298.42,298.48,298.56,298.6,298.66,298.74,100,200,100,600,100,100,100,300,2200,200,100,100,100,100,100,300,100,100,100,100
335.0,297.98,84000,25061330.0,297.65,297.64,297.45,297.41,297.13,297.07,297.06,297.05,297.0,296.99,297.96,297.97,297.98,297.99,298.01,298.03,298.42,298.48,298.56,298.6,100,200,100,600,100,100,100,300,2200,200,100,400,200,100,100,100,100,300,100,100
336.0,297.98,84000,25061330.0,297.65,297.64,297.45,297.41,297.13,297.07,297.06,297.05,297.0,296.99,297.96,297.97,297.98,297.99,298.01,298.03,298.42,298.48,298.56,298.6,100,300,100,600,100,100,100,300,2200,200,100,400,200,100,100,100,100,300,100,100
337.0,297.98,84000,25061330.0,297.65,297.64,297.45,297.41,297.13,297.07,297.06,297.05,297.0,296.99,297.96,297.97,297.98,297.99,298.0,298.01,298.03,298.42,298.48,298.56,100,300,100,600,100,100,100,300,2200,200,100,400,200,100,200,100,100,100,300,100
338.0,297.98,84000,25061330.0,297.65,297.64,297.45,297.41,297.13,297.07,297.06,297.05,297.0,296.99,297.96,297.97,297.98,297.99,298.0,298.01,298.03,298.42,298.48,298.56,100,300,100,600,100,100,100,300,2200,200,200,400,100,100,200,100,100,100,300,100
339.0,297.98,84000,25061330.0,297.65,297.64,297.45,297.41,297.13,297.07,297.06,297.05,297.0,296.99,297.96,297.97,297.98,297.99,298.0,298.01,298.03,298.42,298.48,298.56,100,300,100,600,100,100,100,300,2200,200,200,400,100,100,200,100,100,100,300,100
340.0,297.98,84000,25061330.0,297.65,297.64,297.45,297.41,297.13,297.07,297.06,297.05,297.0,296.99,297.96,297.97,297.98,297.99,298.0,298.01,298.03,298.42,298.48,298.56,100,300,100,600,100,100,100,300,2200,200,200,400,200,100,200,100,100,100,300,100
341.0,297.98,84000,25061330.0,297.65,297.64,297.45,297.41,297.13,297.07,297.06,297.05,297.0,296.99,297.96,297.97,297.98,297.99,298.0,298.01,298.03,298.42,298.48,298.56,100,300,100,600,100,100,100,300,2200,200,100,400,200,100,200,100,100,100,300,100
342.0,297.98,84000,25061330.0,297.65,297.64,297.45,297.41,297.13,297.07,297.06,297.05,297.0,296.99,297.96,297.97,297.98,297.99,298.0,298.01,298.03,298.42,298.48,298.56,100,300,100,600,100,100,100,300,2200,200,100,400,200,100,200,100,100,100,300,100
343.0,297.98,84000,25061330.0,297.65,297.64,297.45,297.41,297.13,297.07,297.06,297.05,297.0,296.99,297.96,297.97,297.98,297.99,298.0,298.01,298.03,298.42,298.48,298.56,100,300,100,600,100,100,100,300,2300,200,200,400,200,100,200,100,100,100,300,100
344.0,297.98,84000,25061330.0,297.65,297.64,297.45,297.41,297.13,297.07,297.06,297.05,297.0,296.99,297.96,297.97,297.98,297.99,298.0,298.01,298.03,298.42,298.48,298.56,100,300,100,600,100,100,100,300,2300,200,300,400,200,100,200,100,100,100,300,100
345.0,297.96,84200,25120922.0,297.65,297.64,297.45,297.41,297.13,297.07,297.06,297.05,297.0,296.99,297.96,297.97,297.98,297.99,298.0,298.01,298.03,298.42,298.48,298.56,100,800,100,600,100,100,100,300,2300,200,200,400,200,100,200,100,100,100,300,100
346.0,297.96,84200,25120922.0,297.65,297.64,297.45,297.41,297.13,297.07,297.06,297.05,297.0,296.9,297.96,297.97,297.98,297.99,298.0,298.01,298.03,298.42,298.48,298.56,100,800,100,600,100,100,100,300,2300,100,200,400,200,100,200,100,100,100,300,100
347.0,297.96,84200,25120922.0,297.65,297.64,297.45,297.41,297.13,297.07,297.06,297.05,297.0,296.9,297.96,297.97,297.98,297.99,298.0,298.01,298.03,298.42,298.48,298.56,100,800,100,600,100,100,100,300,2300,100,100,400,200,100,200,100,100,100,300,100
348.0,297.96,84200,25120922.0,297.65,297.64,297.45,297.41,297.13,297.07,297.06,297.05,297.0,296.9,297.96,297.97,297.98,297.99,298.0,298.01,298.03,298.42,298.48,298.56,100,800,100,600,100,100,100,300,2300,100,100,400,200,100,200,100,100,100,300,100
349.0,297.96,84200,25120922.0,297.65,297.64,297.45,297.41,297.13,297.07,297.06,297.05,297.0,296.9,297.96,297.97,297.98,297.99,298.0,298.01,298.03,298.42,298.48,298.56,100,800,100,600,100,100,100,300,2200,100,200,400,200,100,200,100,100,100,300,100
350.0,297.63,85200,25418562.0,297.46,297.45,297.41,297.06,297.05,297.0,296.9,296.87,296.56,296.5,297.65,297.94,297.95,297.96,297.97,297.98,297.99,298.0,298.01,298.03,200,100,600,100,300,2200,100,200,200,100,200,200,200,300,400,200,100,200,100,100
351.0,297.46,85400,25478054.0,297.45,297.41,297.06,297.05,297.0,296.9,296.87,296.56,296.5,296.31,297.46,297.65,297.94,297.95,297.96,297.97,297.98,297.99,298.0,298.01,100,600,100,300,2200,100,200,200,100,100,300,200,200,200,400,300,200,100,200,100
352.0,297.06,86200,25715951.0,297.05,297.0,296.9,296.87,296.56,296.5,296.31,296.24,296.02,296.01,297.45,297.46,297.65,297.94,297.95,297.96,297.97,297.98,297.99,298.0,300,2200,100,200,200,100,100,100,100,200,100,200,300,200,200,400,300,200,100,200
353.0,297.25,86300,25745676.0,297.05,297.0,296.9,296.87,296.56,296.5,296.31,296.24,296.02,296.01,297.25,297.41,297.43,297.45,297.46,297.65,297.94,297.95,297.96,297.97,300,2200,100,200,200,100,100,100,100,200,200,200,100,300,400,100,200,200,200,300
354.0,297.4,86800,25894312.0,297.05,297.0,296.9,296.87,296.56,296.5,296.31,296.24,296.02,296.01,297.4,297.41,297.43,297.45,297.46,297.65,297.94,297.95,297.96,297.97,200,2200,100,200,200,100,100,100,100,200,100,200,100,200,400,100,200,200,200,300
355.0,297.4,86800,25894312.0,297.05,297.0,296.9,296.87,296.56,296.5,296.31,296.24,296.02,296.01,297.4,297.41,297.43,297.45,297.46,297.65,297.94,297.95,297.96,297.97,200,2200,100,200,200,100,100,100,100,200,100,200,100,200,400,100,200,200,200,300
356.0,297.05,87300,26042871.0,297.0,296.9,296.87,296.56,296.5,296.31,296.24,296.02,296.01,296.0,297.05,297.39,297.4,297.41,297.43,297.45,297.65,297.94,297.95,297.96,2200,100,200,200,100,100,100,100,200,400,100,300,100,400,100,200,100,200,200,200
357.0,297.28,88200,26310248.0,297.0,296.9,296.87,296.56,296.5,296.31,296.24,296.02,296.01,296.0,297.26,297.28,297.32,297.39,297.4,297.41,297.43,297.45,297.65,297.94,1900,100,200,200,100,100,100,100,200,400,100,400,100,200,100,400,100,200,100,200
358.0,297.28,88200,26310248.0,297.0,296.9,296.87,296.56,296.5,296.31,296.24,296.02,296.01,296.0,297.26,297.28,297.32,297.39,297.4,297.41,297.43,297.45,297.65,297.94,1900,100,200,200,100,100,100,100,200,400,100,400,100,200,100,400,100,200,100,200
359.0,297.25,89000,26548054.0,297.0,296.9,296.87,296.56,296.5,296.31,296.24,296.02,296.01,296.0,297.32,297.33,297.38,297.39,297.4,297.41,297.43,297.45,297.65,297.94,1900,100,200,200,100,100,100,100,200,400,600,100,100,400,100,200,100,200,100,200
360.0,297.05,90200,26904749.0,297.05,297.0,296.9,296.87,296.56,296.5,296.31,296.24,296.02,296.01,297.33,297.38,297.39,297.4,297.41,297.43,297.45,297.65,297.94,297.95,200,1900,100,200,200,100,100,100,100,200,100,100,400,100,200,100,200,100,200,200
361.0,297.05,90200,26904749.0,297.13,297.0,296.9,296.87,296.56,296.5,296.31,296.24,296.02,296.01,297.32,297.33,297.38,297.39,297.4,297.41,297.43,297.45,297.65,297.94,100,1900,100,200,200,100,100,100,100,200,600,300,100,400,100,200,100,200,100,200
362.0,297.32,90300,26934481.0,297.28,297.13,297.07,297.0,296.9,296.87,296.56,296.5,296.31,296.24,297.32,297.33,297.38,297.39,297.4,297.41,297.43,297.45,297.65,297.94,100,100,100,1900,100,200,200,100,100,100,300,300,100,200,100,200,100,200,100,200
363.0,297.45,91800,27380547.0,297.45,297.43,297.41,297.4,297.39,297.32,297.28,297.13,297.07,297.0,297.65,297.94,297.95,297.96,297.97,297.98,297.99,298.0,298.01,298.03,1100,500,100,100,100,400,200,500,100,2000,100,100,200,200,300,200,100,200,100,100
364.0,297.45,91800,27380547.0,297.45,297.43,297.41,297.39,297.32,297.28,297.26,297.13,297.07,297.0,297.65,297.94,297.95,297.96,297.97,297.98,297.99,298.0,298.01,298.03,1100,500,100,100,500,200,100,500,100,2000,100,100,100,200,300,200,100,200,100,100
365.0,297.65,91900,27410312.0,297.65,297.45,297.39,297.32,297.28,297.26,297.2,297.13,297.07,297.0,297.95,297.96,297.97,297.98,297.99,298.0,298.01,298.03,298.42,298.48,1100,200,100,100,200,100,100,700,100,2000,300,200,300,200,100,200,100,100,100,300
366.0,297.95,92100,27469874.0,297.67,297.65,297.45,297.39,297.32,297.28,297.2,297.13,297.07,297.0,297.95,297.96,297.97,297.98,297.99,298.0,298.01,298.03,298.42,298.48,200,1100,200,100,100,200,100,700,100,2600,100,200,300,200,100,200,100,100,100,300
367.0,297.95,92100,27469874.0,297.68,297.67,297.65,297.45,297.39,297.32,297.28,297.2,297.13,297.07,297.95,297.96,297.97,297.98,297.99,298.0,298.01,298.03,298.42,298.48,200,200,1100,200,100,100,200,100,700,100,100,200,300,200,100,200,100,100,100,300
368.0,297.69,92300,27529411.0,297.68,297.67,297.65,297.45,297.39,297.32,297.28,297.2,297.13,297.07,297.87,297.88,297.94,297.95,297.96,297.97,297.98,297.99,298.0,298.01,100,200,600,200,100,100,200,100,700,100,100,100,100,100,200,300,200,100,200,100
369.0,297.94,92600,27618780.0,297.68,297.67,297.65,297.45,297.39,297.32,297.28,297.2,297.13,297.07,297.95,297.96,297.97,297.98,297.99,298.0,298.01,298.03,298.42,298.48,100,200,600,200,100,100,200,100,700,100,100,200,300,200,100,200,100,100,100,300
370.0,297.94,92600,27618780.0,297.68,297.67,297.65,297.45,297.39,297.32,297.28,297.2,297.13,297.07,297.95,297.96,297.97,297.98,297.99,298.0,298.01,298.03,298.42,298.48,100,200,600,200,100,100,200,100,700,100,100,200,300,200,100,300,100,100,100,300
371.0,297.94,92600,27618780.0,297.68,297.67,297.65,297.45,297.39,297.32,297.28,297.2,297.13,297.07,297.94,297.95,297.96,297.97,297.98,297.99,298.0,298.01,298.03,298.42,100,200,600,200,100,100,200,100,700,100,400,100,100,300,200,100,300,100,100,100
372.0,297.94,92700,27648574.0,297.68,297.65,297.45,297.39,297.32,297.28,297.2,297.13,297.07,297.0,297.94,297.95,297.96,297.97,297.98,297.99,298.0,298.01,298.03,298.42,100,800,200,100,100,200,100,700,100,2600,400,100,100,500,200,100,300,100,100,100
373.0,297.65,93200,27797405.0,297.65,297.45,297.39,297.32,297.28,297.2,297.13,297.07,297.0,296.9,297.94,297.95,297.96,297.97,297.98,297.99,298.0,298.01,298.03,298.42,500,200,100,100,200,100,700,100,2500,100,400,100,100,500,200,100,300,100,100,100
374.0,297.65,93200,27797405.0,297.65,297.45,297.39,297.32,297.28,297.2,297.13,297.07,297.0,296.9,297.94,297.95,297.96,297.97,297.98,297.99,298.0,298.01,298.03,298.42,500,200,100,100,200,100,700,100,2500,100,400,100,100,500,200,100,300,100,100,100
375.0,297.94,93300,27827199.0,297.65,297.45,297.39,297.32,297.28,297.2,297.13,297.07,297.0,296.9,297.94,297.95,297.96,297.97,297.98,297.99,298.0,298.01,298.03,298.42,500,200,100,100,200,100,700,100,2500,100,300,100,100,500,200,100,300,100,100,100
376.0,297.94,93300,27827199.0,297.66,297.65,297.45,297.39,297.32,297.28,297.2,297.13,297.07,297.0,297.94,297.95,297.96,297.97,297.98,297.99,298.0,298.01,298.03,298.42,100,500,200,100,100,200,100,700,100,2500,400,100,100,500,200,100,300,100,100,100
377.0,297.94,93300,27827199.0,297.66,297.65,297.45,297.39,297.32,297.28,297.2,297.13,297.07,297.0,297.94,297.95,297.96,297.97,297.98,297.99,298.0,298.01,298.03,298.42,100,500,200,100,100,200,100,700,100,2500,400,100,100,500,200,100,300,100,100,100
378.0,297.94,93400,27856993.0,297.66,297.65,297.45,297.39,297.32,297.28,297.2,297.13,297.07,297.0,297.94,297.95,297.96,297.97,297.98,297.99,298.0,298.01,298.03,298.42,100,500,200,100,100,200,100,700,100,2500,300,100,100,500,200,100,300,100,100,100
379.0,297.66,93500,27886759.0,297.65,297.45,297.39,297.32,297.28,297.2,297.13,297.07,297.0,296.9,297.89,297.9,297.94,297.95,297.96,297.97,297.98,297.99,298.0,298.01,500,200,100,100,200,100,700,100,2500,100,100,3600,300,100,100,500,200,100,300,100
380.0,297.45,94200,28095074.0,297.39,297.32,297.28,297.2,297.13,297.07,297.0,296.9,296.56,296.5,297.51,297.64,297.65,297.66,297.89,297.9,297.94,297.95,297.96,297.97,100,100,200,100,700,100,2600,100,200,200,300,400,300,300,100,3600,300,100,100,500
381.0,297.39,94300,28124813.0,297.32,297.28,297.2,297.13,297.07,297.0,296.9,296.56,296.5,296.31,297.5,297.51,297.64,297.65,297.66,297.89,297.9,297.93,297.94,297.96,100,200,100,700,100,2600,100,200,200,100,100,300,400,300,300,100,3600,100,300,100
382.0,297.51,94600,28214046.0,297.28,297.2,297.13,297.07,297.0,296.9,296.56,296.5,296.31,296.28,297.5,297.51,297.64,297.65,297.66,297.89,297.9,297.93,297.94,297.96,200,100,700,100,2600,100,200,200,100,600,100,200,400,300,300,100,3600,100,300,100
383.0,297.5,94900,28303284.0,297.28,297.2,297.13,297.07,297.0,296.9,296.56,296.5,296.31,296.28,297.5,297.51,297.64,297.65,297.89,297.9,297.93,297.94,297.96,297.97,200,100,700,100,2700,100,200,200,100,600,100,300,100,300,100,3600,100,300,100,500
384.0,297.51,95100,28362786.0,297.28,297.2,297.13,297.07,297.0,296.9,296.56,296.5,296.31,296.28,297.51,297.64,297.65,297.89,297.9,297.93,297.94,297.96,297.97,297.98,400,100,700,100,2700,100,200,200,100,600,100,100,300,100,3600,100,300,100,500,200
385.0,297.51,95100,28362786.0,297.28,297.2,297.13,297.07,297.0,296.9,296.56,296.5,296.31,296.28,297.51,297.64,297.65,297.89,297.9,297.93,297.94,297.96,297.97,297.98,400,100,700,100,2700,100,200,200,100,600,100,100,300,100,3600,100,300,100,500,200
386.0,297.28,95300,28422242.0,297.28,297.2,297.13,297.07,297.0,296.9,296.56,296.5,296.31,296.28,297.51,297.63,297.64,297.65,297.89,297.9,297.93,297.94,297.96,297.97,200,100,700,100,2700,100,200,200,100,600,200,200,100,300,100,3600,100,300,100,500
387.0,297.51,95400,28451993.0,297.28,297.2,297.13,297.07,297.0,296.9,296.56,296.5,296.31,296.28,297.51,297.63,297.65,297.89,297.9,297.93,297.94,297.96,297.97,297.98,200,100,700,100,2700,100,200,200,100,600,100,200,300,100,3600,100,300,100,500,200
388.0,297.51,95400,28451993.0,297.28,297.2,297.13,297.07,297.0,296.9,296.56,296.5,296.31,296.28,297.51,297.63,297.65,297.89,297.9,297.93,297.94,297.96,297.97,297.98,200,100,700,100,2700,100,200,200,100,600,100,200,300,100,3600,100,300,100,500,200
389.0,297.51,95400,28451993.0,297.28,297.2,297.13,297.07,297.0,296.9,296.56,296.5,296.31,296.28,297.5,297.51,297.63,297.65,297.89,297.9,297.93,297.94,297.96,297.97,200,100,700,100,2700,100,200,200,100,600,100,100,200,300,100,3600,100,300,100,500
390.0,297.51,95400,28451993.0,297.28,297.2,297.13,297.07,297.0,296.9,296.56,296.5,296.31,296.28,297.5,297.51,297.63,297.65,297.89,297.9,297.93,297.94,297.96,297.97,200,100,700,100,2700,100,200,200,100,600,100,100,200,300,100,3600,100,300,100,500
391.0,297.51,95400,28451993.0,297.28,297.2,297.13,297.07,297.0,296.9,296.56,296.5,296.31,296.28,297.5,297.51,297.63,297.65,297.89,297.9,297.94,297.96,297.97,297.98,200,100,700,100,2700,100,200,200,100,600,100,100,200,300,100,3600,200,100,500,200
392.0,297.51,95400,28451993.0,297.3,297.28,297.2,297.13,297.07,297.0,296.9,296.56,296.5,296.31,297.5,297.51,297.63,297.65,297.89,297.9,297.94,297.96,297.97,297.98,100,200,100,700,100,2700,100,200,200,100,100,100,200,300,100,3600,200,100,500,200
393.0,297.51,95400,28451993.0,297.4,297.3,297.28,297.2,297.13,297.07,297.0,296.9,296.56,296.5,297.5,297.51,297.63,297.65,297.89,297.9,297.94,297.96,297.97,297.98,100,100,200,100,700,100,2700,100,200,200,200,100,200,300,100,3600,200,100,500,200
394.0,297.51,95400,28451993.0,297.4,297.3,297.28,297.2,297.13,297.07,297.0,296.9,296.56,296.5,297.5,297.51,297.63,297.65,297.89,297.9,297.94,297.96,297.97,297.98,400,100,200,100,700,100,2700,100,200,200,300,100,200,300,100,3600,100,100,500,200
395.0,297.4,95500,28481733.0,297.4,297.3,297.28,297.2,297.13,297.07,297.0,296.9,296.56,296.5,297.5,297.51,297.63,297.65,297.89,297.9,297.94,297.96,297.97,297.98,300,100,200,100,700,100,2700,100,200,200,300,100,200,300,100,3600,100,100,500,200
396.0,297.4,95500,28481733.0,297.4,297.3,297.28,297.2,297.13,297.07,297.0,296.9,296.56,296.5,297.5,297.51,297.63,297.65,297.89,297.9,297.94,297.96,297.97,297.98,500,100,200,100,700,100,2700,100,200,200,300,100,200,300,100,3600,100,100,400,200
397.0,297.4,95500,28481733.0,297.4,297.3,297.28,297.2,297.13,297.07,297.0,296.9,296.56,296.5,297.5,297.51,297.63,297.65,297.89,297.9,297.94,297.96,297.97,297.98,600,100,200,100,700,100,2700,100,200,200,400,100,200,300,100,3600,100,100,400,200
398.0,297.4,95700,28541213.0,297.4,297.3,297.28,297.2,297.13,297.07,297.0,296.9,296.56,296.5,297.5,297.51,297.63,297.65,297.89,297.9,297.94,297.96,297.97,297.98,400,100,200,100,700,100,2700,100,200,200,400,100,200,300,100,3600,100,100,400,200
399.0,297.5,96000,28630463.0,297.4,297.3,297.28,297.2,297.13,297.07,297.0,296.9,296.56,296.5,297.5,297.51,297.63,297.65,297.89,297.9,297.94,297.96,297.97,297.98,400,100,200,100,700,100,2700,100,200,200,200,100,200,300,100,3600,100,100,400,200
400.0,297.5,96000,28630463.0,297.4,297.3,297.28,297.2,297.13,297.07,297.0,296.9,296.56,296.5,297.5,297.51,297.63,297.89,297.9,297.94,297.96,297.97,297.98,297.99,400,100,200,100,700,100,2700,100,200,200,200,100,200,100,3600,100,100,400,200,100
401.0,297.4,96700,28838731.0,297.4,297.3,297.28,297.2,297.13,297.07,297.0,296.9,296.56,296.5,297.9,297.94,297.96,297.97,297.98,297.99,298.0,298.01,298.03,298.42,300,100,300,100,700,100,2700,100,200,200,3600,100,100,400,200,100,200,200,100,100
402.0,297.4,96700,28838731.0,297.52,297.4,297.3,297.28,297.2,297.13,297.07,297.0,296.9,296.56,297.89,297.9,297.94,297.96,297.97,297.98,297.99,298.0,298.01,298.03,100,300,100,300,100,700,100,2700,100,200,100,3600,100,100,400,200,100,200,200,100
