LocalTime,LastPrice,TradeVolume,TradeValue,BidPrice1,BidPrice2,BidPrice3,BidPrice4,BidPrice5,BidPrice6,BidPrice7,BidPrice8,BidPrice9,BidPriceA,AskPrice1,AskPrice2,AskPrice3,AskPrice4,AskPrice5,AskPrice6,AskPrice7,AskPrice8,AskPrice9,AskPriceA,BidVolume1,BidVolume2,BidVolume3,BidVolume4,BidVolume5,BidVolume6,BidVolume7,BidVolume8,BidVolume9,BidVolumeA,AskVolume1,AskVolume2,AskVolume3,AskVolume4,AskVolume5,AskVolume6,AskVolume7,AskVolume8,AskVolume9,AskVolumeA
0.0,21.18,1381800,-13683148.96,21.18,21.16,21.15,21.13,21.12,21.11,21.1,21.08,21.06,21.05,21.19,21.2,21.21,21.22,21.23,21.24,21.25,21.26,21.28,21.3,16800,3500,3200,900,6100,3600,9600,800,1300,2700,4200,109700,200,2000,700,15200,118000,200,1000,200
1.0,21.24,1754500,-5771548.96,21.24,21.21,21.19,21.18,21.16,21.15,21.13,21.12,21.11,21.1,21.25,21.26,21.28,21.3,21.35,21.36,21.38,21.39,21.4,21.41,30800,500,123100,19500,3700,3300,900,7600,4100,10100,96400,200,1000,200,2300,600,500,5200,1800,100
2.0,21.19,1877700,-3157197.96,21.19,21.18,21.16,21.15,21.14,21.13,21.12,21.11,21.1,21.08,21.25,21.26,21.28,21.3,21.35,21.36,21.38,21.39,21.4,21.41,102500,21600,3900,3300,1100,900,7600,4200,10300,3800,68300,200,1000,200,2300,600,500,5200,2000,100
3.0,21.15,2087200,1283254.04,21.12,21.11,21.1,21.08,21.07,21.06,21.05,21.04,21.03,21.02,21.15,21.16,21.17,21.18,21.19,21.25,21.26,21.28,21.3,21.35,2900,4200,11100,3800,900,1300,1700,5800,4500,1400,120400,300,10800,50600,700,17200,200,1000,200,2300
4.0,21.31,2565600,11420331.04,21.31,21.28,21.2,21.19,21.18,21.16,21.12,21.1,21.08,21.07,21.35,21.36,21.38,21.39,21.4,21.41,21.42,21.43,21.44,21.45,131500,400,2600,6100,700,200,1000,14300,3800,1300,2300,600,700,5200,3600,100,6100,20600,500,2300
5.0,21.18,2837900,17208338.04,21.08,21.07,21.06,21.05,21.04,21.03,21.02,21.01,21.0,20.99,21.18,21.2,21.24,21.25,21.33,21.43,21.44,21.45,21.46,21.48,1800,1300,2000,2300,5800,7500,1700,29700,106500,5300,12200,100,100,200,1200,7400,500,2300,3200,800
6.0,21.1,2892000,18352219.04,21.08,21.07,21.06,21.05,21.04,21.03,21.02,21.01,21.0,20.99,21.09,21.18,21.19,21.2,21.23,21.24,21.25,21.3,21.33,21.36,1700,1300,2000,3400,5800,7500,2200,29700,111600,5300,2900,51700,3100,100,300,100,300,3800,1200,200
7.0,21.1,2976100,20124146.04,21.01,21.0,20.99,20.98,20.97,20.96,20.95,20.94,20.93,20.92,21.1,21.15,21.16,21.17,21.18,21.19,21.2,21.23,21.24,21.25,10700,116800,5300,2300,200,700,1700,100,1800,1700,22100,200,3100,2400,64700,3500,600,300,8700,300
8.0,21.12,3150100,23803339.04,21.11,21.05,21.02,21.01,21.0,20.99,20.98,20.97,20.96,20.95,21.12,21.14,21.15,21.16,21.17,21.18,21.19,21.2,21.23,21.24,700,3000,500,4000,113700,5300,2300,200,700,1700,1000,6700,600,4300,500,18700,4100,600,300,9000
9.0,21.18,3222300,25330923.04,21.17,21.15,21.02,21.01,21.0,20.99,20.98,20.97,20.96,20.95,21.18,21.19,21.2,21.23,21.24,21.25,21.26,21.3,21.32,21.33,121100,1300,200,5200,138600,5300,2300,200,700,1700,30800,5600,1400,400,400,1000,100,4300,3000,1200
10.0,21.33,3393900,28972353.04,21.35,21.32,21.19,21.18,21.17,21.16,21.15,21.14,21.13,21.1,21.37,21.39,21.42,21.43,21.44,21.45,21.46,21.48,21.49,21.5,600,400,1000,100,95200,700,1700,200,200,500,4700,1700,200,8700,500,2900,3900,18600,6600,9100
11.0,21.22,3437400,29894507.04,21.22,21.21,21.2,21.19,21.18,21.17,21.16,21.15,21.14,21.13,21.24,21.3,21.31,21.32,21.35,21.37,21.38,21.39,21.4,21.42,70000,200,100,700,220400,100800,9800,13900,200,800,800,1400,7900,4700,4700,4700,500,1700,600,200
12.0,21.22,3516500,31573201.04,21.24,21.22,21.21,21.2,21.19,21.18,21.17,21.16,21.15,21.14,21.3,21.31,21.32,21.35,21.37,21.38,21.39,21.4,21.42,21.43,2300,36400,200,300,700,20900,103600,9600,20400,600,1300,7900,4700,4700,4700,500,1700,600,400,9300
13.0,21.28,3564800,32598870.04,21.28,21.24,21.22,21.21,21.2,21.19,21.18,21.17,21.16,21.15,21.3,21.31,21.32,21.35,21.36,21.37,21.38,21.39,21.4,21.42,2400,800,76500,200,1300,13600,25900,103600,2400,1700,1300,7900,5000,4700,1100,4700,500,1700,600,700
14.0,21.34,3602600,33404825.04,21.34,21.3,21.28,21.26,21.24,21.23,21.22,21.21,21.2,21.19,21.36,21.38,21.39,21.4,21.42,21.43,21.44,21.45,21.46,21.48,9900,4100,2300,5400,4000,11200,82200,200,1300,16400,1100,500,1700,600,700,9300,500,2900,3900,30800
15.0,21.35,3635800,34113126.04,21.36,21.35,21.34,21.31,21.3,21.29,21.28,21.26,21.25,21.24,21.38,21.39,21.4,21.42,21.43,21.44,21.45,21.46,21.48,21.49,13400,3600,6400,71400,19700,5800,7000,5400,20300,8200,500,1700,600,700,9300,500,2900,3900,30800,6600
16.0,21.46,3695900,35399872.04,21.46,21.44,21.43,21.42,21.41,21.4,21.38,21.36,21.35,21.34,21.48,21.49,21.5,21.52,21.53,21.55,21.58,21.59,21.6,21.61,1000,12000,34500,2900,100,12200,2000,30300,3600,6400,30800,6600,9100,500,1000,1600,700,3500,5200,100
17.0,21.47,3711200,35728465.04,21.47,21.45,21.44,21.43,21.42,21.41,21.4,21.38,21.36,21.35,21.48,21.49,21.5,21.52,21.53,21.55,21.58,21.59,21.6,21.61,4000,2900,12500,46000,4100,100,12200,1500,31100,3600,18400,6600,9100,500,1000,1600,700,3500,5200,100
18.0,21.52,3754400,36656995.04,21.52,21.5,21.49,21.48,21.47,21.46,21.45,21.44,21.43,21.42,21.55,21.58,21.59,21.6,21.61,21.62,21.63,21.65,21.66,21.67,13100,300,2300,4000,2500,11900,2900,12000,36300,3400,1600,700,3500,5200,100,2200,100,1800,5000,300
19.0,21.48,3773000,37057065.04,21.47,21.46,21.44,21.43,21.42,21.4,21.36,21.35,21.34,21.31,21.5,21.51,21.52,21.53,21.54,21.55,21.58,21.59,21.6,21.61,900,11900,12000,36300,3400,1300,29400,3600,200,58900,2200,2100,9100,2100,4600,1600,700,3500,5200,100
20.0,21.43,3910700,40003806.04,21.31,21.3,21.29,21.28,21.26,21.25,21.24,21.23,21.22,21.21,21.42,21.43,21.44,21.45,21.46,21.47,21.49,21.5,21.51,21.52,52600,22400,5800,3900,5400,20300,4000,16100,76600,200,4700,100,4700,400,11400,4700,6000,2200,6800,24200
21.0,21.42,3938100,40589904.04,21.36,21.35,21.34,21.33,21.32,21.31,21.3,21.29,21.28,21.26,21.42,21.43,21.44,21.47,21.49,21.5,21.51,21.52,21.53,21.54,100,100,4200,2600,4600,55200,22400,5800,3900,5400,3300,100,4700,4700,6000,2200,6800,16000,3100,4600
22.0,21.43,3950200,40848915.04,21.35,21.34,21.33,21.32,21.31,21.3,21.29,21.28,21.26,21.24,21.43,21.44,21.46,21.47,21.49,21.5,21.51,21.52,21.53,21.54,1600,2100,2600,4600,54100,21900,5800,3900,5400,3800,400,4500,1600,5900,7700,2200,6800,16000,3100,4600
23.0,21.36,3956800,40989996.04,21.32,21.31,21.3,21.29,21.28,21.26,21.24,21.23,21.22,21.21,21.34,21.41,21.42,21.43,21.46,21.47,21.49,21.5,21.51,21.52,2000,54100,7700,5800,3900,5400,3600,16000,77500,200,600,300,6000,7800,1800,2600,1300,2200,6800,16100
24.0,21.3,3962800,41117930.04,21.3,21.28,21.26,21.24,21.23,21.22,21.21,21.2,21.19,21.18,21.31,21.32,21.33,21.34,21.35,21.36,21.37,21.41,21.42,21.43,2500,3900,5400,3600,16000,77500,200,800,3100,15000,2700,2500,3600,2400,2500,100,1400,300,7700,2200
25.0,21.28,3971000,41292497.04,21.28,21.26,21.24,21.23,21.22,21.21,21.2,21.19,21.18,21.17,21.29,21.3,21.31,21.32,21.33,21.34,21.35,21.37,21.42,21.43,300,5400,3600,10200,77500,200,800,3100,15000,18700,5600,18500,10300,11800,3600,2400,2500,1400,7700,1800
26.0,21.26,4000500,41920397.04,21.24,21.23,21.22,21.21,21.2,21.19,21.18,21.17,21.16,21.15,21.26,21.28,21.29,21.3,21.31,21.32,21.33,21.34,21.35,21.36,2800,10200,77500,200,800,3100,5700,18700,1900,2000,4400,1700,1300,5000,10300,7100,2500,2400,2500,100
27.0,21.3,4023800,42416045.04,21.24,21.23,21.22,21.21,21.2,21.19,21.18,21.17,21.16,21.15,21.3,21.31,21.32,21.33,21.34,21.36,21.42,21.43,21.44,21.46,100,10200,77500,200,800,3100,5700,18700,1900,2000,3300,11600,7100,2500,500,100,7700,1800,1200,1600
28.0,21.31,4029100,42528941.04,21.23,21.22,21.21,21.2,21.19,21.18,21.17,21.16,21.15,21.14,21.29,21.3,21.31,21.32,21.33,21.34,21.36,21.42,21.43,21.44,10200,77500,200,800,3100,6200,18700,1900,2000,1200,100,1600,10400,7100,2500,500,200,7700,1800,1200
29.0,21.31,4034500,42643956.04,21.24,21.23,21.22,21.21,21.2,21.19,21.18,21.17,21.16,21.15,21.31,21.32,21.33,21.34,21.36,21.42,21.43,21.44,21.46,21.49,400,10100,77500,200,1300,3100,6200,18700,1900,2000,7900,7100,2500,1700,3200,7700,1800,1200,1600,1400
30.0,21.25,4048100,42933713.04,21.25,21.24,21.23,21.22,21.21,21.2,21.19,21.18,21.17,21.16,21.28,21.29,21.32,21.33,21.34,21.36,21.42,21.43,21.44,21.46,2700,1100,10100,77500,200,2300,3100,6200,18700,1900,200,200,3500,2500,1700,3200,7700,1800,1200,1600
31.0,21.3,4070600,43413276.04,21.33,21.3,21.29,21.25,21.24,21.23,21.22,21.21,21.2,21.19,21.34,21.36,21.4,21.42,21.44,21.49,21.51,21.52,21.54,21.55,7300,8400,700,18000,6800,11200,77500,200,2300,3100,1700,3500,2400,3000,1200,300,4700,1000,2400,2200
32.0,21.3,4094900,43931205.04,21.3,21.29,21.25,21.24,21.23,21.22,21.21,21.2,21.19,21.18,21.31,21.32,21.33,21.36,21.4,21.42,21.44,21.49,21.51,21.52,800,700,18000,6400,11200,77500,200,3300,3100,6000,2600,100,200,3500,2400,3000,1200,300,4700,1000
33.0,21.32,4105600,44159376.04,21.32,21.31,21.3,21.29,21.25,21.24,21.23,21.22,21.21,21.2,21.36,21.39,21.4,21.42,21.44,21.49,21.5,21.51,21.52,21.54,500,4400,3100,2800,18000,6400,11200,77500,200,3300,1000,700,2400,1300,1300,200,500,4700,1000,2400
34.0,21.36,4108900,44229864.04,21.36,21.32,21.31,21.3,21.29,21.25,21.24,21.23,21.22,21.21,21.39,21.4,21.42,21.44,21.45,21.49,21.5,21.51,21.52,21.54,2700,3500,4400,22700,3200,18000,6400,11200,77500,200,700,2400,9900,1300,700,200,500,4700,1000,2400
35.0,21.36,4112500,44306760.04,21.33,21.32,21.31,21.3,21.29,21.25,21.24,21.23,21.22,21.21,21.36,21.37,21.39,21.4,21.42,21.44,21.45,21.49,21.5,21.51,200,6900,13000,23300,4400,18800,6400,11400,77500,700,400,300,700,2400,9900,1300,700,200,500,4700
36.0,21.42,4140400,44903693.04,21.42,21.39,21.36,21.35,21.34,21.33,21.32,21.31,21.3,21.29,21.43,21.44,21.45,21.49,21.5,21.51,21.54,21.55,21.57,21.58,4600,5800,2700,1400,600,7600,5100,13000,21900,4400,100,1300,700,200,500,4700,2400,8700,300,700
37.0,21.44,4145900,45021548.04,21.43,21.42,21.39,21.36,21.35,21.34,21.33,21.32,21.31,21.3,21.44,21.45,21.48,21.49,21.5,21.51,21.54,21.55,21.57,21.58,4500,19500,7600,2700,1400,600,7600,6000,13600,21900,800,700,3000,200,3800,500,2400,8700,300,700
38.0,21.45,4156000,45238236.04,21.44,21.43,21.42,21.39,21.37,21.36,21.35,21.33,21.32,21.31,21.46,21.47,21.48,21.49,21.5,21.51,21.54,21.55,21.57,21.58,2800,7700,2400,9600,700,2700,1500,7600,5900,11200,3000,200,3000,1200,3800,500,2500,8700,300,700
39.0,21.4,4173200,45606719.04,21.39,21.37,21.36,21.35,21.33,21.32,21.31,21.3,21.29,21.25,21.4,21.42,21.43,21.48,21.49,21.5,21.51,21.54,21.55,21.57,6700,1000,2700,1500,7600,6900,11200,22600,5500,18800,300,14400,6900,3000,1200,3800,500,2500,8700,300
40.0,21.36,4197600,46128719.04,21.36,21.35,21.33,21.32,21.31,21.3,21.29,21.25,21.24,21.23,21.4,21.43,21.48,21.49,21.5,21.51,21.54,21.55,21.57,21.58,100,400,7600,9100,11200,22600,5200,18800,6700,10300,10900,800,3000,1300,3800,500,2500,8900,300,700
41.0,21.43,4223500,46683522.04,21.37,21.36,21.35,21.33,21.32,21.31,21.3,21.29,21.27,21.25,21.43,21.44,21.46,21.47,21.48,21.49,21.5,21.51,21.54,21.55,1100,2800,8000,5200,8300,12200,25300,4200,200,18800,1800,2200,18800,81900,9400,6000,3800,500,2500,8900
42.0,21.41,4234200,46912692.04,21.4,21.39,21.38,21.37,21.36,21.35,21.33,21.32,21.31,21.3,21.42,21.44,21.46,21.48,21.49,21.5,21.51,21.54,21.55,21.57,7800,5600,4000,1100,2800,8100,5200,8300,12200,25300,500,300,18800,8400,6000,4700,500,2500,8900,300
43.0,21.41,4242100,47082000.04,21.41,21.4,21.39,21.38,21.37,21.36,21.35,21.34,21.33,21.32,21.44,21.46,21.48,21.49,21.5,21.51,21.54,21.55,21.57,21.58,7300,15600,6200,4000,1100,3400,8100,500,5200,10000,500,18800,8400,1300,4700,500,2500,8900,300,700
44.0,21.46,4249500,47240656.04,21.44,21.43,21.42,21.41,21.4,21.39,21.38,21.37,21.36,21.35,21.46,21.48,21.49,21.5,21.51,21.54,21.55,21.57,21.58,21.59,100,7000,8300,8500,23600,5800,4000,1100,3800,10000,600,7300,1300,5200,500,2500,8900,300,700,3500
45.0,21.43,4258200,47427116.04,21.43,21.42,21.41,21.4,21.39,21.38,21.37,21.36,21.35,21.34,21.46,21.48,21.49,21.5,21.51,21.54,21.55,21.57,21.58,21.59,300,8300,8500,23600,5800,4000,1100,4700,10000,500,2300,8700,1300,6200,500,2500,8900,300,700,3500
46.0,21.48,4286400,48032767.04,21.48,21.44,21.43,21.42,21.41,21.4,21.39,21.38,21.37,21.36,21.49,21.5,21.51,21.54,21.55,21.57,21.58,21.59,21.6,21.61,1400,1500,2900,9700,8900,23600,5800,4000,1100,7900,1300,6200,500,2500,8900,300,700,3500,8800,100
47.0,21.44,4293700,48189334.04,21.44,21.43,21.42,21.41,21.4,21.39,21.38,21.37,21.36,21.35,21.48,21.49,21.5,21.51,21.54,21.55,21.57,21.58,21.59,21.6,3600,18700,9700,8500,22800,5800,4000,1100,8300,11600,2000,1500,7400,500,2500,8900,300,700,3500,8800
48.0,21.44,4298900,48300857.04,21.44,21.43,21.42,21.41,21.4,21.39,21.38,21.37,21.36,21.35,21.48,21.49,21.5,21.51,21.54,21.55,21.57,21.58,21.59,21.6,3500,17700,9700,8500,22800,6300,4000,1100,8400,11600,1200,1500,7400,500,2500,8900,300,700,3500,8800
49.0,21.44,4312700,48596932.04,21.44,21.43,21.42,21.41,21.4,21.39,21.38,21.37,21.36,21.35,21.49,21.5,21.51,21.54,21.55,21.57,21.58,21.59,21.6,21.61,800,17800,9700,8500,22800,6300,4000,1100,9500,11600,900,7200,500,2500,8900,300,700,3500,8800,100
50.0,21.44,4322100,48798548.04,21.44,21.43,21.42,21.41,21.4,21.39,21.38,21.37,21.36,21.35,21.48,21.49,21.5,21.51,21.54,21.55,21.57,21.58,21.59,21.6,8400,34100,9700,7300,22800,6300,4000,1100,21200,11600,500,11600,7300,500,2900,8900,300,700,3500,8800
51.0,21.44,4330700,48983127.04,21.45,21.44,21.43,21.42,21.41,21.4,21.39,21.38,21.37,21.36,21.49,21.5,21.51,21.54,21.55,21.57,21.58,21.59,21.6,21.61,100,8100,33100,9700,7300,22800,6300,4000,1100,21300,10000,7500,500,2900,8900,300,700,3500,8800,100
52.0,21.46,4351600,49432294.04,21.47,21.46,21.45,21.44,21.43,21.42,21.41,21.4,21.39,21.38,21.5,21.51,21.53,21.54,21.55,21.57,21.58,21.59,21.6,21.61,2600,2900,4000,9400,34200,9700,7300,22900,6300,4000,1700,500,600,4600,8900,300,700,3500,20200,100
53.0,21.45,4364400,49707155.04,21.48,21.45,21.44,21.43,21.42,21.41,21.4,21.39,21.38,21.37,21.5,21.51,21.53,21.54,21.55,21.57,21.58,21.59,21.6,21.61,100,7300,9600,33500,9700,7300,23000,6300,4000,1100,900,500,600,4700,10300,10300,700,3500,84500,100
54.0,21.48,4372300,49876669.04,21.45,21.44,21.43,21.42,21.41,21.4,21.39,21.38,21.37,21.36,21.48,21.49,21.5,21.51,21.53,21.54,21.55,21.57,21.58,21.59,1400,7200,33500,9700,7300,23000,6300,4000,1100,21600,200,1900,1200,500,600,4700,10300,10300,700,3500
55.0,21.48,4381000,50063611.04,21.45,21.44,21.43,21.42,21.41,21.4,21.39,21.38,21.37,21.36,21.48,21.49,21.5,21.51,21.52,21.53,21.54,21.55,21.57,21.58,600,7400,33500,10000,7300,23000,6300,4000,1100,20700,6700,2300,1600,4700,3200,1500,6200,10300,10300,700
56.0,21.46,4389300,50241688.04,21.45,21.44,21.43,21.42,21.41,21.4,21.39,21.38,21.37,21.36,21.46,21.48,21.49,21.5,21.52,21.53,21.54,21.55,21.57,21.58,100,30000,34700,10400,7300,23000,6300,4000,1100,20500,2800,5100,3500,2700,3700,2600,5900,8900,10300,700
57.0,21.5,4424300,50992722.04,21.45,21.44,21.43,21.42,21.41,21.4,21.39,21.38,21.37,21.36,21.5,21.51,21.52,21.53,21.54,21.55,21.57,21.58,21.59,21.6,200,13800,34700,10400,7300,23500,6300,4000,1100,20500,700,2000,8800,2600,5900,8700,10300,700,4500,114100
58.0,21.52,4450600,51558493.04,21.45,21.44,21.43,21.42,21.41,21.4,21.39,21.38,21.37,21.36,21.49,21.52,21.53,21.54,21.55,21.57,21.58,21.59,21.6,21.61,3000,14400,34700,10400,7300,23500,6300,4000,1100,20500,200,12900,1200,10600,8700,10300,1000,4500,114100,100
59.0,21.48,4587200,54488585.04,21.45,21.4,21.39,21.38,21.37,21.36,21.35,21.34,21.33,21.32,21.48,21.49,21.5,21.51,21.52,21.53,21.54,21.55,21.57,21.58,1100,13100,6300,5300,1100,20500,9300,500,5200,9600,3400,1700,7100,4700,19600,1200,11000,8700,10300,1000
60.0,21.49,4597900,54718362.04,21.48,21.46,21.45,21.44,21.43,21.42,21.41,21.4,21.39,21.38,21.5,21.52,21.53,21.54,21.55,21.57,21.58,21.59,21.6,21.61,1500,1800,1700,1000,8600,500,6700,13200,6300,5600,8300,14800,1000,10900,8700,10300,1000,4500,114100,100
61.0,21.49,4612900,55040558.04,21.49,21.48,21.47,21.46,21.45,21.44,21.43,21.42,21.41,21.4,21.5,21.52,21.53,21.54,21.55,21.57,21.58,21.59,21.6,21.61,2600,100,300,10600,2800,2200,8600,800,6700,13200,3600,17600,1100,11900,8700,10300,1200,4500,113600,100
62.0,21.52,4660300,56059714.04,21.49,21.47,21.46,21.45,21.44,21.43,21.42,21.41,21.4,21.39,21.52,21.53,21.54,21.55,21.56,21.57,21.58,21.59,21.6,21.61,1900,10000,12300,4300,2200,8600,800,2600,13100,1100,15200,1100,5800,8700,2800,10300,1200,4500,114000,100
63.0,21.52,4695600,56818680.04,21.5,21.49,21.48,21.47,21.46,21.45,21.44,21.43,21.42,21.41,21.51,21.53,21.54,21.55,21.56,21.57,21.58,21.59,21.6,21.61,1900,2200,12200,27300,12300,9600,3200,8600,1000,2600,100,1100,5800,8700,2800,10300,1200,4500,114000,100
64.0,21.53,4703100,56980066.04,21.53,21.52,21.5,21.49,21.48,21.47,21.46,21.45,21.44,21.43,21.54,21.55,21.56,21.57,21.58,21.59,21.6,21.61,21.62,21.63,3500,3900,500,3400,12200,27300,12300,9600,3200,8600,4100,8900,6000,10300,1200,4500,114000,600,2200,600
65.0,21.51,4734400,57652997.04,21.5,21.49,21.48,21.47,21.46,21.45,21.44,21.43,21.42,21.41,21.51,21.52,21.53,21.54,21.55,21.56,21.57,21.58,21.59,21.6,2000,500,2000,27300,12300,9600,3200,9100,1000,2600,400,3200,3700,4100,8900,6000,10300,1200,4500,114000
66.0,21.51,4774100,58505683.04,21.49,21.47,21.46,21.45,21.44,21.43,21.42,21.41,21.4,21.39,21.51,21.52,21.53,21.54,21.55,21.56,21.57,21.58,21.59,21.6,1800,2000,12300,7900,3200,9100,1000,2600,16100,1100,300,2500,3500,4100,8900,6000,10300,1200,4500,114000
67.0,21.47,4779000,58610932.04,21.46,21.45,21.44,21.43,21.42,21.41,21.4,21.39,21.38,21.37,21.47,21.48,21.49,21.51,21.52,21.53,21.54,21.55,21.56,21.57,12100,7900,3200,9100,1000,2600,16600,1100,1600,1100,1500,400,2200,400,2700,3500,4100,8900,6000,10300
68.0,21.46,4805000,59169026.04,21.45,21.44,21.43,21.42,21.41,21.4,21.39,21.38,21.37,21.36,21.46,21.47,21.49,21.5,21.51,21.52,21.53,21.54,21.55,21.56,5400,3200,9900,1000,3100,16600,600,1600,1100,15800,200,300,800,8700,3700,3200,500,4100,8900,6000
69.0,21.47,4812300,59325637.04,21.44,21.43,21.42,21.41,21.4,21.39,21.38,21.37,21.36,21.35,21.46,21.47,21.48,21.49,21.5,21.51,21.52,21.53,21.54,21.55,3200,9900,1000,3100,16600,600,1600,1100,15800,1400,400,500,200,1800,11100,3600,2900,500,4300,9800
70.0,21.4,4835300,59818528.04,21.4,21.39,21.38,21.37,21.36,21.35,21.34,21.32,21.31,21.3,21.43,21.44,21.45,21.46,21.47,21.48,21.49,21.5,21.51,21.52,14700,600,1600,1100,15800,1400,500,4100,3000,30200,200,1000,1800,300,2500,900,2200,20700,4800,3500
71.0,21.4,4856200,60265892.04,21.39,21.38,21.36,21.35,21.34,21.32,21.31,21.3,21.29,21.28,21.4,21.41,21.43,21.44,21.45,21.46,21.47,21.49,21.5,21.51,600,1600,16100,1400,500,4100,3000,30200,5500,2000,3300,15900,12800,1200,6100,300,2400,6600,26100,5100
72.0,21.39,4885000,60881429.04,21.36,21.35,21.34,21.32,21.31,21.3,21.29,21.28,21.27,21.25,21.4,21.41,21.43,21.44,21.45,21.46,21.47,21.48,21.49,21.5,3000,1400,500,4100,3000,30200,5500,2000,600,500,3400,10900,11000,400,6200,300,2400,300,6600,28600
73.0,21.41,4906000,61330713.04,21.36,21.35,21.34,21.32,21.31,21.3,21.29,21.28,21.27,21.25,21.38,21.39,21.4,21.41,21.43,21.44,21.45,21.46,21.47,21.48,1300,1400,500,4100,3000,30200,5500,2000,600,500,500,9700,8200,100,12800,400,6200,300,2400,300
74.0,21.34,4909800,61411857.04,21.32,21.31,21.3,21.29,21.28,21.27,21.25,21.24,21.23,21.22,21.34,21.36,21.37,21.38,21.39,21.4,21.41,21.43,21.44,21.45,4100,3000,31900,5500,2000,600,500,900,900,77000,300,100,3700,500,9700,5900,500,14500,300,1800
75.0,21.32,4913800,61497269.04,21.32,21.31,21.3,21.29,21.28,21.27,21.25,21.24,21.23,21.22,21.36,21.37,21.38,21.39,21.4,21.41,21.42,21.43,21.44,21.45,3000,1700,41900,5500,2000,600,500,900,900,77000,800,1600,800,9800,6200,500,1100,23500,100,2100
76.0,21.4,4931700,61879714.04,21.34,21.33,21.32,21.31,21.3,21.29,21.28,21.27,21.25,21.24,21.38,21.4,21.41,21.42,21.43,21.44,21.45,21.46,21.47,21.48,5400,700,7000,1700,41900,5500,2000,600,500,900,200,5400,300,1100,23500,200,2100,300,2400,500
77.0,21.34,4949300,62255183.04,21.33,21.32,21.31,21.3,21.29,21.28,21.27,21.25,21.24,21.23,21.34,21.38,21.4,21.41,21.42,21.43,21.44,21.45,21.46,21.47,1200,4700,1700,41900,5500,2000,600,500,900,900,900,600,5400,300,1100,27000,200,2100,300,2400
78.0,21.28,5014900,63652880.04,21.31,21.28,21.27,21.25,21.24,21.23,21.22,21.21,21.2,21.19,21.35,21.36,21.38,21.39,21.4,21.41,21.42,21.43,21.44,21.45,800,500,600,500,2800,6800,77800,3700,3900,1000,800,2500,300,1400,5400,300,1100,26200,200,2100
79.0,21.36,5023600,63838653.04,21.34,21.33,21.31,21.28,21.27,21.25,21.24,21.23,21.22,21.21,21.36,21.38,21.39,21.4,21.41,21.42,21.43,21.44,21.45,21.46,100,2900,5600,500,600,500,2800,6800,77800,3700,1000,300,3300,6200,700,1100,31900,200,2100,300
80.0,21.32,5029800,63970979.04,21.31,21.28,21.27,21.25,21.24,21.23,21.22,21.21,21.2,21.19,21.32,21.36,21.37,21.38,21.39,21.4,21.41,21.42,21.43,21.44,4800,500,600,1800,3000,6800,77000,3700,3900,1000,29700,4200,6500,300,3400,6100,700,1100,33100,100
81.0,21.32,5039500,64177768.04,21.31,21.3,21.29,21.28,21.27,21.26,21.25,21.24,21.23,21.22,21.32,21.36,21.37,21.38,21.39,21.4,21.41,21.42,21.43,21.44,3300,300,1600,3900,1800,700,2300,15000,13700,77000,23600,8300,6500,300,3400,6100,700,1100,33100,100
82.0,21.32,5040800,64205479.04,21.31,21.29,21.28,21.27,21.26,21.25,21.24,21.23,21.22,21.21,21.32,21.33,21.36,21.37,21.38,21.39,21.4,21.41,21.43,21.44,2800,1600,3900,1800,700,2300,15000,13700,77000,3700,28500,200,9000,6500,300,3300,7900,700,33100,100
83.0,21.29,5054600,64499632.04,21.29,21.28,21.27,21.26,21.25,21.24,21.23,21.22,21.21,21.2,21.32,21.33,21.36,21.37,21.38,21.39,21.4,21.41,21.43,21.44,1000,3600,1800,700,2300,15000,13700,77000,3700,3900,38000,3200,9200,6500,300,3300,7900,700,33100,100
84.0,21.32,5086200,65173194.04,21.28,21.27,21.26,21.25,21.24,21.23,21.22,21.21,21.2,21.19,21.32,21.33,21.36,21.37,21.38,21.39,21.4,21.41,21.43,21.44,1300,2900,14700,1800,15000,13700,77000,3700,3900,1000,10400,4900,9200,6500,300,3300,7900,700,32900,100
85.0,21.37,5116000,65809153.04,21.36,21.34,21.31,21.3,21.28,21.27,21.26,21.25,21.24,21.23,21.38,21.39,21.4,21.41,21.43,21.44,21.45,21.46,21.47,21.48,7400,300,800,100,1300,2900,10100,1800,15000,13700,1100,2500,7900,300,32900,100,2400,300,2000,200
86.0,21.32,5131600,66141911.04,21.3,21.28,21.27,21.26,21.25,21.24,21.23,21.22,21.21,21.2,21.32,21.33,21.36,21.37,21.38,21.39,21.4,21.41,21.43,21.44,8700,600,2900,10100,1500,15000,13700,77000,3700,3900,9800,13600,400,3600,1900,2500,9600,300,32900,100
87.0,21.32,5143400,66393467.04,21.32,21.3,21.28,21.27,21.26,21.25,21.24,21.23,21.22,21.21,21.33,21.36,21.37,21.38,21.39,21.4,21.41,21.43,21.44,21.45,700,8700,600,2900,10100,1500,15000,13700,77000,3700,13600,1800,3600,1900,2500,9600,300,32400,100,700
88.0,21.36,5171600,66994830.04,21.33,21.32,21.31,21.3,21.28,21.27,21.26,21.25,21.24,21.23,21.36,21.37,21.38,21.39,21.4,21.41,21.43,21.44,21.45,21.46,300,7600,300,5500,600,16900,10100,1500,15000,13700,2100,3900,1900,2500,7900,300,32400,100,700,300
89.0,21.28,5189200,67369904.04,21.28,21.27,21.26,21.25,21.24,21.23,21.22,21.21,21.2,21.19,21.35,21.36,21.37,21.38,21.39,21.4,21.41,21.43,21.44,21.45,11300,16900,12100,1500,15000,13700,79000,3700,3900,1000,3500,2200,3900,1900,2500,7900,300,24800,100,700
90.0,21.32,5205900,67725693.04,21.32,21.28,21.27,21.26,21.25,21.24,21.23,21.22,21.21,21.2,21.35,21.36,21.37,21.38,21.39,21.4,21.41,21.43,21.44,21.45,10400,8000,16100,12200,700,15000,13700,79000,3700,3900,5700,300,4000,1900,2500,7900,300,24800,100,700
91.0,21.31,5226000,68154270.04,21.3,21.29,21.28,21.27,21.26,21.25,21.24,21.23,21.22,21.21,21.32,21.35,21.36,21.37,21.38,21.39,21.4,21.41,21.43,21.44,8000,300,5300,16100,12200,700,15000,13700,79000,3700,400,500,300,4000,1900,2500,7900,300,24800,100
92.0,21.32,5245100,68561869.04,21.34,21.33,21.32,21.3,21.29,21.28,21.27,21.26,21.25,21.24,21.35,21.36,21.37,21.39,21.4,21.41,21.43,21.44,21.45,21.46,300,1200,600,5300,300,5300,16100,12200,700,15000,600,600,700,300,7700,300,14500,100,700,300
93.0,21.28,5260400,68887705.04,21.27,21.26,21.25,21.24,21.23,21.22,21.21,21.2,21.19,21.18,21.28,21.29,21.3,21.32,21.35,21.36,21.37,21.39,21.4,21.41,16000,12200,700,14000,1700,79000,3700,4100,1000,5200,2100,600,265600,400,400,100,700,300,7700,300
94.0,21.3,5267400,69036746.04,21.27,21.26,21.25,21.24,21.23,21.22,21.21,21.2,21.19,21.18,21.3,21.32,21.35,21.36,21.37,21.39,21.4,21.41,21.43,21.44,16200,12200,700,14000,1700,79000,3700,4100,1000,5200,263200,8400,900,500,700,300,7700,300,14500,100
95.0,21.28,5294300,69609155.04,21.26,21.25,21.24,21.23,21.22,21.21,21.2,21.19,21.18,21.17,21.27,21.28,21.3,21.32,21.35,21.36,21.37,21.4,21.41,21.43,11100,700,12900,900,79000,3700,4300,1000,5200,16900,300,2600,257400,12500,1100,500,700,7700,300,14500
96.0,21.3,5329500,70358745.04,21.26,21.25,21.24,21.23,21.22,21.21,21.2,21.19,21.18,21.17,21.29,21.3,21.32,21.35,21.36,21.37,21.4,21.41,21.43,21.44,10100,700,12900,900,79000,3700,4400,1000,5200,16900,700,229600,16500,1100,500,700,9700,300,14500,100
97.0,21.3,5337000,70518398.04,21.26,21.25,21.24,21.23,21.22,21.21,21.2,21.19,21.18,21.17,21.3,21.32,21.35,21.36,21.37,21.4,21.41,21.43,21.44,21.45,9500,700,12900,20900,79000,3700,4400,1000,5200,16900,226800,25300,1100,500,700,9700,300,14500,100,1200
98.0,21.27,5350100,70797300.04,21.26,21.25,21.24,21.23,21.22,21.21,21.2,21.19,21.18,21.17,21.27,21.3,21.32,21.35,21.36,21.37,21.4,21.41,21.43,21.44,9100,700,12900,20900,79200,1700,4400,1000,5200,16900,5300,219200,27800,1400,500,700,9700,300,14500,100
99.0,21.26,5365200,71118556.04,21.26,21.25,21.24,21.23,21.22,21.21,21.2,21.19,21.18,21.17,21.27,21.3,21.32,21.35,21.36,21.37,21.4,21.41,21.43,21.44,9300,1400,12900,20900,79200,1700,4400,1000,5200,16900,100,215000,27800,1400,500,700,9700,300,10500,100
100.0,21.27,5382500,71486386.04,21.26,21.24,21.23,21.22,21.21,21.2,21.19,21.18,21.17,21.16,21.27,21.28,21.29,21.3,21.32,21.35,21.36,21.37,21.4,21.41,700,11000,20900,79200,1700,6400,1000,5200,16900,200,1000,1100,2500,215100,27600,1400,500,700,8900,300
101.0,21.26,5389600,71637420.04,21.24,21.23,21.22,21.21,21.2,21.19,21.18,21.17,21.16,21.15,21.26,21.27,21.29,21.3,21.32,21.33,21.35,21.36,21.37,21.38,14900,20900,79200,1700,6400,1000,5200,16900,200,3000,1000,500,1500,214800,18500,1000,1000,500,700,200
102.0,21.26,5391300,71673543.04,21.25,21.24,21.23,21.22,21.21,21.2,21.19,21.18,21.17,21.16,21.26,21.27,21.29,21.3,21.32,21.33,21.35,21.36,21.37,21.38,2200,14000,20900,79200,1700,6600,1000,5200,16900,200,1500,1700,1500,215300,18700,1000,700,500,700,200
103.0,21.26,5392000,71688425.04,21.25,21.24,21.23,21.22,21.21,21.2,21.19,21.18,21.17,21.16,21.26,21.27,21.29,21.3,21.32,21.33,21.35,21.36,21.37,21.38,3300,14000,20900,79200,1700,7600,1000,5200,16900,200,1900,1700,1500,217200,14700,1000,700,500,700,1000
104.0,21.22,5511200,74218503.04,21.21,21.2,21.19,21.18,21.17,21.16,21.15,21.14,21.13,21.12,21.22,21.24,21.26,21.27,21.29,21.3,21.32,21.33,21.35,21.36,1700,7600,1000,5200,16900,200,3000,2100,200,2200,61000,1900,2400,1700,4800,217100,14700,1000,500,500
105.0,21.21,5517900,74360673.04,21.21,21.2,21.19,21.18,21.17,21.16,21.15,21.14,21.13,21.12,21.22,21.24,21.26,21.27,21.29,21.3,21.32,21.33,21.35,21.36,300,7600,1000,5200,16900,200,3000,2100,200,2200,57800,1900,6900,1200,4800,217100,14700,1000,500,500
106.0,21.18,5529500,74606548.04,21.18,21.17,21.16,21.15,21.14,21.13,21.12,21.11,21.1,21.09,21.19,21.2,21.21,21.22,21.24,21.25,21.26,21.27,21.29,21.3,4400,16900,200,3000,2100,200,2200,4500,20700,1200,500,600,1600,57800,15900,400,17000,1200,3600,217100
107.0,21.19,5532700,74674334.04,21.18,21.17,21.16,21.15,21.14,21.13,21.12,21.11,21.1,21.09,21.19,21.21,21.22,21.24,21.25,21.26,21.27,21.29,21.3,21.32,10700,16900,200,3000,2100,200,2200,4500,20700,1200,3100,2100,61700,20000,900,23600,1200,3400,216900,12400
108.0,21.21,5580600,75690326.04,21.18,21.17,21.16,21.15,21.14,21.12,21.11,21.1,21.09,21.08,21.2,21.21,21.22,21.24,21.25,21.26,21.27,21.29,21.3,21.32,2900,16900,200,3000,2100,2200,4500,21200,1500,100,1900,1800,28500,20000,6000,25600,1200,3400,216900,12300
109.0,21.21,5627200,76679171.04,21.18,21.17,21.16,21.15,21.14,21.12,21.11,21.1,21.09,21.08,21.23,21.24,21.25,21.26,21.27,21.29,21.3,21.32,21.33,21.36,24800,16900,200,3000,2100,2200,4500,21200,1500,100,8500,13900,6000,30600,1300,3400,216600,12300,1000,500
110.0,21.23,5646000,77078201.04,21.22,21.21,21.2,21.19,21.18,21.17,21.16,21.15,21.14,21.12,21.23,21.24,21.25,21.26,21.27,21.29,21.3,21.32,21.33,21.35,400,1000,1300,5800,40800,16900,300,3000,2100,2200,12300,13900,6000,34000,1300,3400,214700,12000,1000,800
111.0,21.21,5656100,77292392.04,21.19,21.18,21.17,21.16,21.15,21.14,21.12,21.11,21.1,21.09,21.21,21.23,21.24,21.25,21.26,21.27,21.29,21.3,21.32,21.33,4400,40800,16900,300,3600,2100,2200,4500,21200,1500,200,11800,13900,6300,29300,1300,3400,214800,11800,1000
112.0,21.19,5665900,77500221.04,21.2,21.19,21.18,21.17,21.16,21.15,21.14,21.12,21.11,21.1,21.23,21.24,21.25,21.26,21.27,21.29,21.3,21.32,21.33,21.35,700,2500,40800,16900,300,3600,2100,2200,4500,21200,8700,13900,6300,28800,1300,3400,214800,11800,1000,800
113.0,21.23,5693700,78089566.04,21.19,21.18,21.17,21.16,21.15,21.14,21.12,21.11,21.1,21.09,21.23,21.24,21.25,21.26,21.27,21.29,21.3,21.32,21.33,21.35,100,33300,16900,300,3600,2100,2200,4500,21500,1500,8300,14800,6300,30700,1300,3400,214800,11800,1000,800
114.0,21.21,5709200,78418517.04,21.2,21.19,21.18,21.17,21.16,21.15,21.14,21.12,21.11,21.1,21.23,21.24,21.25,21.26,21.27,21.29,21.3,21.32,21.33,21.35,700,13100,33300,3200,300,3600,2100,2200,4500,21500,3600,14800,6000,28800,1300,3400,214800,11800,1000,800
115.0,21.2,5721500,78679428.04,21.19,21.18,21.17,21.16,21.15,21.14,21.12,21.11,21.1,21.09,21.21,21.23,21.24,21.25,21.26,21.27,21.29,21.3,21.32,21.33,13100,32800,3500,300,2600,2100,2200,4500,21500,1500,2000,3100,14800,5300,28500,1300,3400,214800,11800,1000
116.0,21.22,5725300,78760014.04,21.22,21.2,21.19,21.18,21.17,21.16,21.15,21.14,21.12,21.11,21.23,21.24,21.25,21.26,21.27,21.29,21.3,21.32,21.33,21.35,2200,700,12000,32800,3500,300,2600,2100,2200,4500,3100,14700,5300,28500,1300,3400,214800,11800,1000,800
117.0,21.22,5741600,79106002.04,21.22,21.19,21.18,21.17,21.16,21.15,21.14,21.12,21.11,21.1,21.24,21.25,21.26,21.27,21.29,21.3,21.32,21.33,21.35,21.36,800,9700,32800,3500,300,2600,2100,2200,4500,21500,7200,5500,28500,2400,3400,5400,11800,1000,800,500
118.0,21.21,5743100,79137840.04,21.21,21.19,21.18,21.17,21.16,21.15,21.14,21.12,21.11,21.1,21.22,21.23,21.24,21.25,21.26,21.27,21.28,21.29,21.3,21.32,200,10600,32800,3500,300,3600,2100,2200,4500,21500,10300,200,7200,5500,28500,2400,100,3400,5400,11400
119.0,21.2,5763800,79576971.04,21.2,21.19,21.18,21.17,21.16,21.15,21.14,21.12,21.11,21.1,21.22,21.23,21.24,21.25,21.26,21.27,21.28,21.29,21.3,21.32,11600,21800,33000,3800,300,3600,2100,2200,4500,21500,1700,200,7200,5600,27000,400,100,3400,5400,11500
120.0,21.2,5766500,79634238.04,21.2,21.19,21.18,21.17,21.16,21.15,21.14,21.12,21.11,21.1,21.22,21.23,21.24,21.25,21.26,21.27,21.28,21.29,21.3,21.32,7000,21800,33000,3800,1300,3600,2100,2200,4500,21500,2000,200,7200,5600,27000,400,100,3400,5400,11300
121.0,21.25,5783700,79999354.04,21.23,21.21,21.2,21.19,21.18,21.17,21.16,21.15,21.14,21.12,21.25,21.26,21.27,21.28,21.29,21.3,21.32,21.33,21.35,21.36,100,1900,11000,21800,33300,3800,1800,3600,2100,2200,4700,17000,400,100,3400,5400,11300,1000,800,500
122.0,21.25,5810100,80559230.04,21.24,21.22,21.21,21.2,21.19,21.18,21.17,21.16,21.15,21.14,21.25,21.26,21.27,21.28,21.29,21.3,21.32,21.33,21.35,21.36,200,3700,2300,5000,21600,33300,3800,1800,3700,2100,4300,17000,400,100,3400,5400,11200,1000,800,500
123.0,21.25,5812400,80608061.04,21.22,21.21,21.2,21.19,21.18,21.17,21.16,21.15,21.14,21.12,21.25,21.26,21.27,21.28,21.29,21.3,21.32,21.33,21.35,21.36,4300,2600,3700,21600,33300,3800,1800,3700,2100,2200,4400,17000,400,100,3400,5400,11100,1000,800,500
124.0,21.24,5815900,80682375.04,21.23,21.22,21.21,21.2,21.19,21.18,21.17,21.16,21.15,21.14,21.24,21.25,21.26,21.27,21.28,21.29,21.3,21.32,21.33,21.35,1200,4900,2600,300,21600,33300,3800,1800,3700,2100,4800,4000,17000,400,100,3400,5400,11100,1000,800
125.0,21.21,5828500,80949881.04,21.22,21.21,21.2,21.19,21.18,21.17,21.16,21.15,21.14,21.12,21.24,21.25,21.26,21.27,21.28,21.29,21.3,21.32,21.33,21.35,300,2400,10000,21600,33300,3800,1800,3700,2100,2200,100,4000,18600,400,100,3400,5400,11100,1000,800
126.0,21.22,5831200,81007175.04,21.21,21.2,21.19,21.18,21.17,21.16,21.15,21.14,21.12,21.11,21.22,21.24,21.25,21.26,21.27,21.28,21.29,21.3,21.32,21.33,3100,12600,21700,33300,3800,1800,3700,2100,2200,5500,300,2600,4000,18600,400,100,3400,5400,11100,1000
127.0,21.22,5834900,81085689.04,21.22,21.21,21.2,21.19,21.18,21.17,21.16,21.15,21.14,21.12,21.23,21.24,21.25,21.26,21.27,21.28,21.29,21.3,21.32,21.33,3200,3100,12900,21800,33700,3800,1800,3700,2100,2200,700,2800,4000,18600,400,100,3400,5400,11100,1000
128.0,21.22,5839000,81172702.04,21.22,21.21,21.2,21.19,21.18,21.17,21.16,21.15,21.14,21.12,21.23,21.24,21.25,21.26,21.27,21.28,21.29,21.3,21.32,21.33,1200,3500,16200,23000,33700,3800,2800,3700,2100,2200,1900,6500,4000,17600,400,100,3400,5400,11100,1000
129.0,21.22,5842700,81251227.04,21.21,21.2,21.19,21.18,21.17,21.16,21.15,21.14,21.12,21.11,21.22,21.23,21.24,21.25,21.26,21.27,21.28,21.29,21.3,21.32,4000,17100,23000,33700,3800,2800,4700,2100,2200,5500,200,3700,10300,4000,12900,400,100,3400,8600,11100
130.0,21.22,5844500,81289437.04,21.22,21.21,21.2,21.19,21.18,21.17,21.16,21.15,21.14,21.12,21.23,21.24,21.25,21.26,21.27,21.28,21.29,21.3,21.32,21.33,1300,4000,17500,23000,33700,3800,2800,4700,2100,2200,6900,10300,4000,12900,700,100,3400,8400,11100,1000
131.0,21.23,5849600,81397682.04,21.21,21.2,21.19,21.18,21.17,21.16,21.15,21.14,21.12,21.11,21.22,21.23,21.24,21.25,21.26,21.27,21.28,21.29,21.3,21.32,11000,19300,24000,33700,3800,2800,4700,2100,2200,5500,100,6600,9100,4000,12900,700,100,3400,8400,11100
132.0,21.21,5852100,81450750.04,21.21,21.2,21.19,21.18,21.17,21.16,21.15,21.14,21.12,21.11,21.22,21.23,21.24,21.25,21.26,21.27,21.28,21.29,21.3,21.32,10800,20500,24000,33700,3900,2900,5600,2100,2200,5500,1100,21000,10300,4000,12900,700,100,3400,8400,11100
133.0,21.22,5870200,81834644.04,21.2,21.19,21.18,21.17,21.16,21.15,21.14,21.12,21.11,21.1,21.22,21.23,21.24,21.25,21.26,21.27,21.28,21.29,21.3,21.32,36400,24000,33700,3900,2900,5600,2100,2200,5500,18300,2000,22100,8900,4000,12900,700,100,3300,8400,11100
134.0,21.22,5891300,82282388.04,21.22,21.2,21.19,21.18,21.17,21.16,21.15,21.14,21.12,21.11,21.23,21.24,21.25,21.26,21.27,21.28,21.29,21.3,21.32,21.33,7800,35800,16900,33400,3900,2900,5600,2100,2200,5500,29600,8900,5900,11100,700,100,3300,8400,11100,1000
135.0,21.23,5925800,83014769.04,21.22,21.2,21.19,21.18,21.17,21.16,21.15,21.14,21.12,21.11,21.23,21.24,21.25,21.26,21.27,21.28,21.29,21.3,21.32,21.33,3600,36000,16900,33400,3900,2900,5600,2100,2200,5500,700,8700,5900,11900,700,100,3300,8400,11100,1000
136.0,21.22,5935400,83218580.04,21.2,21.19,21.18,21.17,21.16,21.15,21.14,21.12,21.11,21.1,21.22,21.24,21.25,21.26,21.27,21.28,21.29,21.3,21.32,21.33,36100,16900,33400,3900,2900,5600,2100,2200,7000,18300,2400,3400,6000,11900,700,100,3300,8400,11100,1000
137.0,21.22,5939200,83299195.04,21.21,21.2,21.19,21.18,21.17,21.16,21.15,21.14,21.12,21.11,21.22,21.23,21.24,21.25,21.26,21.27,21.28,21.29,21.3,21.32,100,36200,16900,33400,3900,2900,5600,2100,2200,7000,900,2100,18600,6000,11900,700,100,3300,8400,11100
138.0,21.21,5943900,83398902.04,21.21,21.2,21.19,21.18,21.17,21.16,21.15,21.14,21.12,21.11,21.22,21.23,21.24,21.25,21.26,21.27,21.28,21.29,21.3,21.32,100,35100,16900,36900,3900,2900,5600,2100,2200,7000,200,2900,18800,6000,11900,400,100,3300,8400,11100
139.0,21.2,5963000,83803905.04,21.2,21.19,21.18,21.17,21.16,21.15,21.14,21.12,21.11,21.1,21.21,21.22,21.23,21.24,21.25,21.26,21.27,21.28,21.29,21.3,20100,17000,36900,3900,2900,5600,2100,2200,7000,18300,100,200,3800,18800,7400,11900,400,100,3300,8400
140.0,21.22,5969100,83933323.04,21.2,21.19,21.18,21.17,21.16,21.15,21.14,21.12,21.11,21.1,21.21,21.22,21.23,21.24,21.25,21.26,21.27,21.28,21.29,21.3,25600,17000,36900,3900,2900,5600,2100,2200,7000,18300,100,800,3600,20700,17400,11900,400,100,3300,8400
141.0,21.22,5970900,83971499.04,21.2,21.19,21.18,21.17,21.16,21.15,21.14,21.12,21.11,21.1,21.22,21.23,21.24,21.25,21.26,21.27,21.28,21.29,21.3,21.32,30800,4800,36900,4400,2900,5600,2100,2200,7000,19300,8200,3600,30700,17400,12500,400,100,3300,8400,10000
142.0,21.21,5979300,84149648.04,21.2,21.19,21.18,21.17,21.16,21.15,21.14,21.12,21.11,21.1,21.21,21.22,21.23,21.24,21.25,21.26,21.27,21.28,21.29,21.3,30500,5800,36900,4400,2900,5600,2100,2200,7000,19300,3100,10500,3600,32800,17400,12500,400,400,3300,8400
143.0,21.21,5988200,84338401.04,21.2,21.19,21.18,21.17,21.16,21.15,21.14,21.12,21.11,21.1,21.21,21.22,21.23,21.24,21.25,21.26,21.27,21.28,21.29,21.3,30800,5800,37900,4400,2900,6600,2100,2200,7000,19300,200,11100,3700,32800,17400,12500,400,400,3300,10400
144.0,21.2,5992900,84438074.04,21.2,21.19,21.18,21.17,21.16,21.15,21.14,21.12,21.11,21.1,21.21,21.22,21.23,21.24,21.25,21.26,21.27,21.28,21.29,21.3,30500,5800,37900,4400,2900,6600,2100,2200,7000,19300,800,13200,3700,32800,17400,10900,300,400,3300,10400
145.0,21.21,6012600,84856007.04,21.21,21.2,21.19,21.18,21.17,21.16,21.15,21.14,21.12,21.11,21.23,21.24,21.25,21.26,21.27,21.28,21.29,21.3,21.32,21.33,3000,28800,5800,37900,4500,2900,6600,2100,2200,7000,3700,33500,17400,10900,300,400,3300,10400,1900,1000
146.0,21.21,6020600,85025676.04,21.21,21.2,21.19,21.18,21.17,21.16,21.15,21.14,21.12,21.11,21.22,21.23,21.24,21.25,21.26,21.27,21.28,21.29,21.3,21.32,800,27700,5800,37900,4500,2900,8200,2100,2200,7000,16900,3700,33500,17400,10900,300,400,3300,10400,1900
147.0,21.2,6039600,85428509.04,21.2,21.19,21.18,21.17,21.16,21.15,21.14,21.12,21.11,21.1,21.21,21.22,21.23,21.24,21.25,21.26,21.27,21.28,21.29,21.3,12500,5800,38200,4500,2900,8200,2100,2200,7000,19400,6500,16400,11700,33500,17400,10900,300,400,200,11200
148.0,21.21,6061800,85899229.04,21.21,21.19,21.18,21.17,21.16,21.15,21.14,21.12,21.11,21.1,21.22,21.23,21.24,21.25,21.26,21.28,21.29,21.3,21.32,21.33,3100,5500,38200,4500,3000,10300,2100,2200,7000,19400,16900,11700,33500,17400,10900,400,200,11200,1900,1000
149.0,21.16,6122100,87176358.04,21.15,21.14,21.12,21.11,21.1,21.09,21.08,21.07,21.06,21.05,21.16,21.2,21.21,21.22,21.23,21.24,21.25,21.26,21.28,21.29,10400,2100,2200,7000,19600,1300,1100,3600,20000,7000,13400,16000,4700,16900,11700,33500,17400,10900,400,200
150.0,21.18,6137000,87491672.04,21.16,21.15,21.14,21.13,21.12,21.11,21.1,21.09,21.08,21.07,21.18,21.19,21.2,21.21,21.22,21.23,21.24,21.25,21.26,21.28,18700,10400,2100,10000,2200,7000,19600,1300,1100,3600,5300,6500,26500,8400,16900,11700,33500,17400,10800,400
151.0,21.18,6139500,87544622.04,21.16,21.15,21.14,21.13,21.12,21.11,21.1,21.09,21.08,21.07,21.18,21.19,21.2,21.21,21.22,21.23,21.24,21.25,21.26,21.28,18700,10400,2100,10000,2200,7000,19600,1300,1100,3600,5000,7900,36100,10100,16900,11700,33500,17400,10800,400
152.0,21.18,6163800,88058891.04,21.15,21.14,21.13,21.12,21.11,21.1,21.09,21.08,21.07,21.06,21.17,21.18,21.19,21.2,21.21,21.22,21.23,21.24,21.25,21.26,11400,2100,10000,2200,7000,19600,1300,1100,3600,20000,100,8400,7900,43600,16800,16900,11700,31600,17400,10800
153.0,21.18,6172200,88236798.04,21.15,21.14,21.13,21.12,21.11,21.1,21.09,21.08,21.07,21.06,21.18,21.19,21.2,21.21,21.22,21.23,21.24,21.25,21.26,21.28,11300,2100,10000,2400,7000,19600,1300,1100,3600,20000,400,7900,54900,16800,16900,11700,31600,17400,10800,400
154.0,21.18,6173000,88253739.04,21.16,21.15,21.14,21.13,21.12,21.11,21.1,21.09,21.08,21.07,21.17,21.18,21.19,21.2,21.21,21.22,21.23,21.24,21.25,21.26,300,17600,2100,10000,2400,7000,19600,1300,1100,3600,100,28000,8100,58300,16800,16900,11700,29700,17400,10800
155.0,21.15,6183500,88476107.04,21.15,21.14,21.13,21.12,21.11,21.1,21.09,21.08,21.07,21.06,21.17,21.18,21.19,21.2,21.21,21.22,21.23,21.24,21.25,21.26,19200,2100,10000,2400,7000,19600,1300,1100,3600,20000,100,8500,16800,59300,20400,16900,11700,29700,17400,10500
156.0,21.15,6186600,88541709.04,21.15,21.14,21.13,21.12,21.11,21.1,21.09,21.08,21.07,21.06,21.17,21.18,21.19,21.2,21.21,21.22,21.23,21.24,21.25,21.26,17800,2100,10000,2400,7000,19600,1300,1100,3600,20000,1500,10700,16800,56300,20400,17000,11700,29700,17400,10500
157.0,21.15,6197900,88780718.04,21.15,21.14,21.13,21.12,21.11,21.1,21.09,21.08,21.07,21.06,21.17,21.18,21.19,21.2,21.21,21.22,21.23,21.24,21.25,21.26,7200,2100,10000,2400,7000,19600,1300,1100,3600,20000,1500,13400,16800,55900,20400,18300,11400,29000,17400,10500
158.0,21.15,6206800,88968965.04,21.15,21.14,21.13,21.12,21.11,21.1,21.09,21.08,21.07,21.06,21.17,21.18,21.19,21.2,21.21,21.22,21.23,21.24,21.25,21.26,200,2100,10000,2400,7000,19600,1300,1100,3600,20000,14500,13400,16800,55100,16700,17900,11400,28000,17400,10500
159.0,21.15,6212700,89093844.04,21.14,21.13,21.12,21.11,21.1,21.09,21.08,21.07,21.06,21.05,21.15,21.17,21.18,21.19,21.2,21.21,21.22,21.23,21.24,21.25,1900,10000,2400,7000,20600,1300,1100,3600,20000,7500,4400,11400,15800,16800,47600,16700,17900,11400,28000,17400
160.0,21.15,6218700,89220737.04,21.14,21.13,21.12,21.11,21.1,21.09,21.08,21.07,21.06,21.05,21.15,21.17,21.18,21.19,21.2,21.21,21.22,21.23,21.24,21.25,13400,10000,2400,7000,20600,1300,1100,3600,20000,7500,6600,12600,16800,16800,47300,16700,17800,11400,28000,16000
161.0,21.15,6238700,89643752.04,21.15,21.14,21.13,21.12,21.11,21.1,21.09,21.08,21.07,21.06,21.16,21.17,21.18,21.19,21.2,21.21,21.22,21.23,21.24,21.25,500,13000,10000,2400,7000,20700,1300,1100,3600,20000,3100,12600,16800,20100,46000,10800,17800,11400,28000,19700
162.0,21.22,6385000,92743761.04,21.21,21.2,21.19,21.18,21.17,21.16,21.15,21.14,21.13,21.12,21.23,21.24,21.25,21.26,21.28,21.29,21.3,21.32,21.33,21.35,3100,9300,3700,9600,13600,1200,5100,3900,10200,2400,10000,23800,19700,10300,500,200,13700,1900,1000,800
163.0,21.22,6413300,93344428.04,21.23,21.22,21.21,21.2,21.19,21.18,21.17,21.16,21.15,21.14,21.24,21.25,21.26,21.28,21.29,21.3,21.32,21.33,21.35,21.36,2300,17900,3100,9000,3700,9300,12500,1200,5300,3900,23700,19700,10300,500,200,13700,1900,1000,800,500
164.0,21.19,6482000,94802179.04,21.19,21.18,21.17,21.16,21.15,21.14,21.13,21.12,21.11,21.1,21.24,21.25,21.26,21.28,21.29,21.3,21.32,21.33,21.35,21.36,2800,9300,12500,1200,5800,3900,11300,2400,31500,20700,800,19700,10300,500,200,13700,1900,1000,800,500
165.0,21.19,6490800,94988603.04,21.19,21.18,21.17,21.16,21.15,21.14,21.13,21.12,21.11,21.1,21.24,21.25,21.26,21.28,21.29,21.3,21.32,21.33,21.35,21.36,900,4800,13000,2000,5100,3900,11300,2400,31500,21000,800,20600,9800,500,200,13700,1900,1000,800,500
166.0,21.23,6494900,95075496.04,21.19,21.18,21.17,21.16,21.15,21.14,21.13,21.12,21.11,21.1,21.23,21.24,21.25,21.26,21.28,21.3,21.32,21.33,21.35,21.36,34300,4800,13000,2000,6300,3900,11300,2400,31500,21000,1000,30900,20600,9800,500,13700,1900,1000,800,500
167.0,21.23,6504400,95276868.04,21.19,21.18,21.17,21.16,21.15,21.14,21.13,21.12,21.11,21.1,21.23,21.24,21.25,21.26,21.28,21.3,21.32,21.33,21.35,21.36,34900,5200,13000,2000,7000,3900,12800,2400,31500,21000,800,34500,21100,9800,500,13700,1900,1000,800,500
168.0,21.19,6508300,95359583.04,21.19,21.18,21.17,21.16,21.15,21.14,21.13,21.12,21.11,21.1,21.23,21.24,21.25,21.26,21.28,21.3,21.32,21.33,21.35,21.36,32900,4800,15000,2000,10100,3900,12800,2400,31500,20800,1600,35600,21100,9800,500,13800,1900,1000,800,500
169.0,21.19,6574100,96753669.04,21.19,21.18,21.17,21.16,21.15,21.14,21.13,21.12,21.11,21.1,21.23,21.24,21.25,21.26,21.28,21.3,21.32,21.33,21.35,21.36,2700,20200,900,1600,10800,8500,23800,81600,31500,21600,5900,35600,21100,9800,500,13800,1900,1000,800,500
170.0,21.23,6582300,96927647.04,21.19,21.18,21.17,21.16,21.15,21.14,21.13,21.12,21.11,21.1,21.23,21.24,21.25,21.26,21.28,21.3,21.32,21.33,21.35,21.36,3400,20200,1400,1600,11800,8500,23800,59300,32200,21600,3000,35600,21100,9800,500,13800,1900,1000,800,500
171.0,21.19,6594100,97177906.04,21.19,21.18,21.17,21.16,21.15,21.14,21.13,21.12,21.11,21.1,21.24,21.25,21.26,21.28,21.3,21.32,21.33,21.35,21.36,21.37,500,20200,1400,1600,11800,8500,12800,57600,32200,21600,34900,21100,9800,500,13800,1900,1000,800,500,700
172.0,21.2,6597900,97258443.04,21.19,21.18,21.17,21.16,21.15,21.14,21.13,21.12,21.11,21.1,21.2,21.24,21.25,21.26,21.28,21.3,21.32,21.33,21.35,21.36,5200,20200,1400,1600,12100,8500,12800,38800,32200,21600,2200,42500,21100,9800,500,14100,1900,1000,800,500
173.0,21.19,6606600,97442850.04,21.19,21.18,21.17,21.16,21.15,21.14,21.13,21.12,21.11,21.1,21.2,21.22,21.23,21.24,21.25,21.26,21.28,21.3,21.32,21.33,3600,200,1400,900,12600,8500,12800,38800,32200,21600,1500,1000,400,42500,21100,10500,500,14100,1900,1000
174.0,21.23,6617000,97663342.04,21.19,21.18,21.17,21.16,21.15,21.14,21.13,21.12,21.11,21.1,21.22,21.23,21.24,21.25,21.26,21.28,21.3,21.32,21.33,21.35,10800,200,1400,22300,12800,8500,14600,17700,32200,21600,900,800,42500,21100,10500,500,14100,1900,1000,800
175.0,21.2,6620900,97746081.04,21.19,21.18,21.17,21.16,21.15,21.14,21.13,21.12,21.11,21.1,21.2,21.24,21.25,21.26,21.28,21.3,21.32,21.33,21.35,21.36,10900,200,1400,22300,18200,8500,14600,17700,32200,21600,5900,42200,21100,10500,500,14100,1900,1000,800,500
176.0,21.2,6625600,97845710.04,21.19,21.18,21.17,21.16,21.15,21.14,21.13,21.12,21.11,21.1,21.2,21.22,21.23,21.24,21.25,21.26,21.28,21.3,21.32,21.33,15000,700,1400,22300,18500,8500,14600,17700,32200,21600,5300,100,1500,42200,21100,10500,800,14100,1900,1000
177.0,21.2,6627500,97885990.04,21.19,21.18,21.17,21.16,21.15,21.14,21.13,21.12,21.11,21.1,21.2,21.22,21.23,21.24,21.25,21.26,21.28,21.3,21.32,21.33,20000,700,1400,22300,20500,8500,14600,17700,32200,21600,3400,5100,11000,42200,21100,10500,800,14100,1900,1000
178.0,21.2,6639200,98134061.04,21.2,21.19,21.18,21.17,21.16,21.15,21.14,21.13,21.12,21.11,21.22,21.23,21.24,21.25,21.26,21.28,21.3,21.32,21.33,21.35,400,20000,1000,1400,22300,20500,8500,14600,17700,32200,4000,18000,45600,19700,10500,800,14100,1900,1000,800
179.0,21.22,6642900,98212511.04,21.19,21.18,21.17,21.16,21.15,21.14,21.13,21.12,21.11,21.1,21.21,21.22,21.23,21.24,21.25,21.26,21.28,21.3,21.32,21.33,19600,1000,2000,22700,20500,8500,14600,17800,32200,26500,900,4900,18600,46200,19700,10500,800,14100,1900,1000
180.0,21.21,6645200,98261254.04,21.19,21.18,21.17,21.16,21.15,21.14,21.13,21.12,21.11,21.1,21.21,21.22,21.23,21.24,21.25,21.26,21.28,21.3,21.32,21.33,17600,1800,2000,22700,20600,8500,14600,17800,32200,26600,600,4900,18600,46200,19700,10500,800,14100,1900,1000
181.0,21.19,6652700,98420338.04,21.19,21.18,21.17,21.16,21.15,21.14,21.13,21.12,21.11,21.1,21.21,21.22,21.23,21.24,21.25,21.26,21.28,21.3,21.32,21.33,15600,1800,2300,22700,20900,8500,14600,17800,32200,26600,800,400,18600,46300,19700,10500,800,14100,1900,1000
182.0,21.15,6710900,99652723.04,21.15,21.14,21.13,21.12,21.11,21.1,21.09,21.08,21.07,21.06,21.16,21.17,21.18,21.19,21.21,21.23,21.24,21.25,21.26,21.28,14500,4400,14600,12800,32200,26600,2400,4300,3600,20600,400,1100,300,1000,400,15400,46300,20400,10500,800
183.0,21.16,6713500,99707737.04,21.15,21.14,21.13,21.12,21.11,21.1,21.09,21.08,21.07,21.06,21.16,21.17,21.18,21.19,21.2,21.21,21.23,21.24,21.25,21.26,13800,4400,14600,12800,32200,26600,2400,4300,3600,20600,500,600,300,1000,700,400,17200,46300,20400,10500
184.0,21.15,6734100,100143414.04,21.14,21.13,21.12,21.11,21.1,21.09,21.08,21.07,21.06,21.05,21.15,21.17,21.19,21.2,21.23,21.24,21.25,21.26,21.28,21.3,1800,14600,12800,32200,26600,2400,4300,3600,20600,7800,43700,200,3000,2600,17700,46300,20400,10500,800,14100
185.0,21.15,6740800,100285081.04,21.13,21.12,21.11,21.1,21.09,21.08,21.07,21.06,21.05,21.04,21.15,21.16,21.17,21.18,21.19,21.2,21.23,21.24,21.25,21.26,14600,12800,33000,26600,2400,4300,3600,20600,7800,2000,40800,1200,400,200,6100,3500,17100,46300,20400,10500
186.0,21.15,6746400,100403453.04,21.13,21.12,21.11,21.1,21.09,21.08,21.07,21.06,21.05,21.04,21.14,21.15,21.16,21.17,21.18,21.19,21.2,21.23,21.24,21.25,11200,12800,33000,26600,2400,4300,3600,20600,7800,2000,400,38600,1200,400,700,7100,3500,17100,43900,20400
187.0,21.15,6751700,100515458.04,21.13,21.12,21.11,21.1,21.09,21.08,21.07,21.06,21.05,21.04,21.14,21.15,21.16,21.17,21.18,21.19,21.2,21.23,21.24,21.25,6900,12800,33000,26600,2400,4300,3600,20600,7800,2000,3200,38000,1800,4300,700,8100,3500,17100,43900,20400
188.0,21.13,6753200,100547156.04,21.13,21.12,21.11,21.1,21.09,21.08,21.07,21.06,21.05,21.04,21.14,21.15,21.16,21.17,21.18,21.19,21.2,21.23,21.24,21.25,5700,12800,33000,26600,2400,4300,3600,20600,7800,2000,2900,39000,1800,4300,700,7500,3500,17100,43900,20400
189.0,21.13,6759400,100678182.04,21.13,21.12,21.11,21.1,21.09,21.08,21.07,21.06,21.05,21.04,21.14,21.15,21.16,21.17,21.18,21.19,21.2,21.21,21.23,21.24,1500,14200,33100,28100,2400,4300,3600,20600,7800,2000,3400,40600,1800,4300,700,9800,3500,100,16900,43900
190.0,21.14,6767800,100855715.04,21.12,21.11,21.1,21.09,21.08,21.07,21.06,21.05,21.04,21.03,21.14,21.15,21.16,21.17,21.18,21.19,21.2,21.21,21.23,21.24,13300,46900,28400,2400,4300,3600,20600,7800,2000,2000,4300,40600,1800,4300,700,8600,1600,100,17000,43900
191.0,21.13,6853900,102676388.04,21.13,21.12,21.11,21.1,21.09,21.08,21.07,21.06,21.05,21.04,21.14,21.16,21.17,21.18,21.19,21.2,21.21,21.23,21.24,21.25,6700,39500,46900,28400,2400,4300,3600,20600,8100,2000,200,700,4100,700,8200,1600,100,17000,43900,20400
192.0,21.13,6873600,103092896.04,21.13,21.12,21.11,21.1,21.09,21.08,21.07,21.06,21.05,21.04,21.17,21.18,21.19,21.2,21.21,21.23,21.24,21.25,21.26,21.28,27200,39500,47900,31300,2400,4300,3600,20600,8100,2000,100,500,7800,1600,100,17000,43900,20400,10500,700
193.0,21.16,6878500,103196556.04,21.16,21.14,21.13,21.12,21.11,21.1,21.09,21.08,21.07,21.06,21.17,21.18,21.19,21.2,21.21,21.23,21.24,21.25,21.26,21.28,5700,16000,6700,41200,48400,31300,2400,4300,3600,20600,5300,600,7800,1600,100,17000,43900,20400,10500,700
194.0,21.14,6895100,103547622.04,21.14,21.13,21.12,21.11,21.1,21.09,21.08,21.07,21.06,21.05,21.17,21.18,21.19,21.2,21.21,21.22,21.23,21.24,21.25,21.26,6800,6700,41300,48700,32100,2400,4300,3600,20600,8100,7300,26800,5800,2700,100,100,17000,43900,20400,10500
195.0,21.17,6929300,104270491.04,21.13,21.12,21.11,21.1,21.09,21.08,21.07,21.06,21.05,21.04,21.17,21.18,21.19,21.2,21.21,21.22,21.23,21.24,21.25,21.26,9300,43800,50000,42100,2400,4300,3600,20600,8100,2000,7300,26800,5800,3100,100,100,17000,43900,20400,10500
196.0,21.16,7059900,107036933.04,21.16,21.15,21.14,21.13,21.12,21.11,21.1,21.09,21.08,21.07,21.2,21.21,21.22,21.23,21.24,21.25,21.26,21.28,21.3,21.32,6800,900,3700,23700,44000,50300,42600,2400,4300,3600,15400,400,100,17000,43900,20400,10500,700,17200,300
197.0,21.17,7088900,107651287.04,21.17,21.16,21.15,21.14,21.13,21.12,21.11,21.1,21.09,21.08,21.2,21.21,21.22,21.23,21.24,21.25,21.26,21.28,21.3,21.32,13800,6100,900,2700,24200,44000,53600,43100,2600,4800,1900,12800,5400,19300,43900,20400,10500,700,17200,300
198.0,21.2,7125600,108428980.04,21.2,21.19,21.17,21.16,21.15,21.14,21.13,21.12,21.11,21.1,21.21,21.22,21.23,21.24,21.25,21.26,21.28,21.3,21.32,21.33,30100,2100,35500,13600,900,5800,23900,42500,54200,43200,3200,7000,19500,43900,20400,10500,700,17200,300,1000
199.0,21.2,7165000,109265055.04,21.2,21.19,21.17,21.16,21.15,21.14,21.13,21.12,21.11,21.1,21.23,21.24,21.25,21.26,21.28,21.3,21.32,21.33,21.35,21.36,22400,2100,36500,18600,1000,5800,23900,43200,54700,43700,3700,45400,20700,10500,700,17200,300,1000,800,500
200.0,21.24,7188100,109755403.04,21.22,21.21,21.2,21.19,21.17,21.16,21.15,21.14,21.13,21.12,21.24,21.25,21.26,21.28,21.3,21.32,21.33,21.35,21.36,21.37,400,600,20800,1000,38900,18600,800,5800,23400,43400,35300,20600,10600,700,17200,300,1000,800,500,1300
201.0,21.23,7228400,110611236.04,21.23,21.22,21.21,21.2,21.19,21.17,21.16,21.15,21.14,21.13,21.24,21.25,21.26,21.27,21.28,21.29,21.3,21.32,21.33,21.35,19200,1700,10000,18900,1000,42500,19300,12900,5900,23500,1600,20600,11300,100,1100,100,17200,300,1000,800
202.0,21.23,7232400,110696165.04,21.23,21.22,21.21,21.2,21.19,21.17,21.16,21.15,21.14,21.13,21.24,21.25,21.26,21.27,21.28,21.29,21.3,21.32,21.33,21.35,16100,1700,10000,18900,1000,42500,19300,12900,5900,23500,700,20600,11900,100,1100,2400,17200,300,1000,800
203.0,21.28,7280000,111707697.04,21.27,21.24,21.23,21.22,21.21,21.2,21.19,21.17,21.16,21.15,21.28,21.29,21.3,21.32,21.33,21.35,21.36,21.37,21.38,21.4,4000,7800,10100,700,10000,18900,1200,41000,19500,12900,2200,300,17200,300,1000,800,500,1300,1000,8600
204.0,21.33,7315100,112455228.04,21.32,21.3,21.29,21.27,21.24,21.23,21.22,21.21,21.2,21.19,21.33,21.35,21.36,21.37,21.38,21.4,21.41,21.42,21.43,21.44,200,10300,7700,3100,7800,10100,700,10000,18900,1200,1000,800,500,1300,1000,8600,2700,700,14400,800
205.0,21.29,7327200,112712994.04,21.33,21.3,21.29,21.27,21.25,21.24,21.23,21.22,21.21,21.2,21.34,21.35,21.36,21.37,21.38,21.4,21.41,21.42,21.43,21.44,100,4000,10100,3100,700,7800,10100,900,10200,19100,100,800,500,1300,1000,8600,2700,700,14400,800
206.0,21.33,7333200,112840851.04,21.3,21.29,21.27,21.25,21.24,21.23,21.22,21.21,21.2,21.19,21.33,21.34,21.35,21.36,21.37,21.38,21.4,21.41,21.42,21.43,100,10400,3100,700,7800,10100,900,10200,19100,700,800,5500,800,500,1300,1000,8600,2700,700,14400
207.0,21.29,7341400,113015704.04,21.29,21.27,21.25,21.24,21.23,21.22,21.21,21.2,21.19,21.18,21.33,21.34,21.35,21.36,21.37,21.38,21.4,21.41,21.42,21.43,7200,3100,1200,7800,10100,900,10200,19100,700,200,600,2600,800,1500,1300,1000,8600,2700,700,14400
208.0,21.29,7350900,113218022.04,21.29,21.27,21.25,21.24,21.23,21.22,21.21,21.2,21.19,21.18,21.31,21.32,21.33,21.34,21.35,21.36,21.37,21.38,21.4,21.41,18200,3100,1200,7800,10100,900,10200,19100,700,200,500,10200,18800,2900,800,1500,1300,1000,8600,2700
209.0,21.29,7354000,113284052.04,21.29,21.27,21.26,21.25,21.24,21.23,21.22,21.21,21.2,21.19,21.32,21.33,21.34,21.35,21.36,21.37,21.38,21.4,21.41,21.42,24800,11700,1000,2400,7800,10100,900,10200,19100,700,10100,23000,2900,800,1500,1300,1000,8600,2700,700
210.0,21.33,7383100,113904582.04,21.29,21.28,21.27,21.26,21.25,21.24,21.23,21.22,21.21,21.2,21.33,21.34,21.35,21.36,21.37,21.38,21.4,21.42,21.43,21.44,22700,20200,11700,1000,2600,7800,10100,900,10200,19100,13300,3000,1300,1800,1300,1000,8600,700,14400,800
211.0,21.3,7410300,114484431.04,21.3,21.29,21.28,21.27,21.26,21.25,21.24,21.23,21.22,21.21,21.32,21.33,21.34,21.35,21.36,21.37,21.38,21.4,21.42,21.43,7000,24400,20200,3100,1000,2600,7800,10100,900,10200,800,6900,4400,1400,1900,1300,1000,8600,700,14500
212.0,21.3,7414200,114567592.04,21.3,21.29,21.28,21.27,21.26,21.25,21.24,21.23,21.22,21.21,21.32,21.33,21.34,21.35,21.36,21.37,21.38,21.4,21.42,21.43,6400,25500,21100,3100,1000,2600,7800,10100,900,200,1300,6000,4400,3600,15000,1300,1000,8600,700,14500
213.0,21.35,7427200,114844909.04,21.34,21.33,21.3,21.29,21.28,21.27,21.26,21.25,21.24,21.23,21.35,21.36,21.37,21.38,21.4,21.42,21.43,21.44,21.45,21.46,3400,1500,6400,25500,21100,3100,1000,2600,7800,10100,3700,14700,1300,1000,8600,700,16500,800,1700,2800
214.0,21.35,7455800,115455704.04,21.34,21.33,21.3,21.29,21.28,21.27,21.26,21.25,21.24,21.23,21.35,21.37,21.38,21.4,21.42,21.43,21.44,21.45,21.46,21.48,2800,2700,6400,25500,21100,3100,1000,2600,7800,10100,500,600,1000,8600,700,16500,800,1700,2800,400
215.0,21.39,7462200,115592517.04,21.37,21.36,21.34,21.33,21.3,21.29,21.28,21.27,21.26,21.25,21.4,21.42,21.43,21.44,21.45,21.46,21.48,21.49,21.5,21.51,1000,500,2800,2700,6400,25500,21100,3100,1000,2400,6000,1000,16500,800,1700,2800,400,11600,45700,3600
216.0,21.4,7471900,115799942.04,21.37,21.36,21.34,21.33,21.29,21.28,21.27,21.26,21.25,21.24,21.4,21.41,21.42,21.43,21.44,21.45,21.46,21.48,21.49,21.5,8600,400,1400,2300,25500,21100,4100,1000,2400,7500,1100,300,800,16500,800,1700,2800,400,11600,45700
217.0,21.39,7482900,116035221.04,21.39,21.38,21.37,21.36,21.34,21.33,21.29,21.28,21.27,21.26,21.4,21.41,21.42,21.43,21.44,21.45,21.46,21.48,21.49,21.5,200,6500,13400,3400,1400,2700,25500,21100,4100,1000,1100,300,1700,16500,800,1700,2800,400,11600,43900
218.0,21.39,7488500,116154978.04,21.39,21.38,21.37,21.36,21.35,21.34,21.33,21.29,21.28,21.27,21.4,21.41,21.42,21.43,21.44,21.45,21.46,21.48,21.49,21.5,9000,4100,16900,6600,400,700,4700,25600,21100,4100,200,700,1800,16500,800,7700,2800,1000,11600,43900
219.0,21.4,7517000,116764854.04,21.39,21.38,21.37,21.36,21.35,21.34,21.33,21.29,21.28,21.27,21.4,21.41,21.42,21.43,21.44,21.45,21.46,21.48,21.49,21.5,10000,1600,10100,7000,400,700,6000,25600,21100,4100,5800,700,1800,16500,800,7700,4800,1000,11600,43900
220.0,21.38,7544500,117353225.04,21.37,21.36,21.35,21.34,21.33,21.31,21.29,21.28,21.27,21.26,21.38,21.4,21.41,21.42,21.43,21.44,21.45,21.46,21.48,21.49,10100,6500,1700,900,6000,500,25600,21100,4100,1000,12400,200,900,7700,16500,800,7700,4800,1000,11600
221.0,21.39,7562600,117740227.04,21.38,21.37,21.36,21.35,21.34,21.33,21.31,21.29,21.28,21.27,21.4,21.41,21.42,21.43,21.44,21.45,21.46,21.48,21.49,21.5,2100,8300,6500,1700,900,6000,500,25600,21100,4100,1700,900,7700,18300,800,7700,4800,1000,11600,43800
222.0,21.35,7595900,118451998.04,21.34,21.33,21.31,21.3,21.29,21.28,21.27,21.26,21.25,21.24,21.35,21.38,21.39,21.4,21.41,21.42,21.43,21.44,21.45,21.46,900,6000,500,300,25600,21100,4100,1000,2400,7500,49000,3600,200,5400,1000,7700,18300,800,7700,4800
223.0,21.41,7655400,119722763.04,21.37,21.34,21.33,21.31,21.3,21.29,21.28,21.27,21.26,21.25,21.41,21.42,21.43,21.44,21.45,21.46,21.48,21.49,21.5,21.51,200,900,6000,500,1300,25600,21100,4100,1000,2400,1700,7700,18300,800,7700,4800,1000,11600,42300,3600
224.0,21.39,7675000,120141949.04,21.37,21.36,21.34,21.33,21.32,21.31,21.3,21.29,21.28,21.27,21.39,21.4,21.41,21.42,21.43,21.44,21.45,21.46,21.48,21.49,14200,500,900,8700,100,500,1400,25600,21100,4100,1400,5200,20600,7700,18300,800,7700,4800,1000,11600
225.0,21.4,7676600,120176174.04,21.37,21.36,21.34,21.33,21.32,21.31,21.3,21.29,21.28,21.27,21.39,21.4,21.41,21.42,21.43,21.44,21.45,21.46,21.48,21.49,14200,2000,900,8400,100,500,1400,25600,21100,4100,200,5100,21900,7700,18300,800,7700,4800,1000,11600
226.0,21.39,7677300,120191141.04,21.37,21.36,21.34,21.33,21.32,21.31,21.3,21.29,21.28,21.27,21.39,21.4,21.41,21.42,21.43,21.44,21.45,21.46,21.48,21.49,13900,2000,900,8400,100,500,1600,25600,21100,4100,200,5100,22200,7700,18300,800,7700,4800,1000,11600
227.0,21.38,7693700,120541666.04,21.37,21.36,21.34,21.33,21.32,21.31,21.3,21.29,21.28,21.27,21.39,21.4,21.41,21.42,21.43,21.44,21.45,21.46,21.48,21.49,3200,2000,900,8500,100,500,1600,25600,20200,4100,4800,4500,22200,8800,18300,800,7700,4800,1000,11600
228.0,21.35,7707500,120836703.04,21.35,21.34,21.33,21.32,21.31,21.3,21.29,21.28,21.27,21.26,21.36,21.37,21.38,21.39,21.4,21.41,21.42,21.43,21.44,21.45,1500,900,8500,100,500,1600,25600,20200,4100,1000,800,1400,1600,1500,4600,22200,8800,18300,800,7700
229.0,21.35,7708800,120864470.04,21.35,21.34,21.33,21.32,21.31,21.3,21.29,21.28,21.27,21.26,21.36,21.37,21.38,21.39,21.4,21.41,21.42,21.43,21.44,21.45,1200,900,8500,100,500,1600,25600,20200,4100,1000,100,1500,1600,4500,30800,22200,8800,18300,800,7700
230.0,21.35,7711300,120917848.04,21.34,21.33,21.31,21.3,21.29,21.28,21.27,21.26,21.25,21.24,21.35,21.36,21.37,21.38,21.39,21.4,21.41,21.42,21.43,21.44,900,8500,500,1600,25600,20200,4100,1000,2400,13100,300,9300,300,4800,7300,41900,22200,8800,18300,800
231.0,21.36,7719400,121090856.04,21.34,21.33,21.32,21.31,21.3,21.29,21.28,21.27,21.26,21.25,21.36,21.37,21.38,21.39,21.4,21.41,21.42,21.43,21.44,21.45,900,8500,100,500,1600,25600,20200,4100,1000,2400,9400,8000,4800,8200,41900,22200,7400,18300,800,7700
232.0,21.36,7730400,121325778.04,21.34,21.33,21.32,21.31,21.3,21.29,21.28,21.27,21.26,21.25,21.35,21.36,21.37,21.38,21.39,21.4,21.41,21.42,21.43,21.44,900,8500,100,500,1600,25600,200,4100,1000,2400,6700,5700,8000,4800,8400,42500,21100,2000,18300,800
233.0,21.3,7748900,121720261.04,21.3,21.29,21.28,21.27,21.26,21.25,21.24,21.23,21.22,21.21,21.33,21.35,21.36,21.37,21.38,21.39,21.4,21.41,21.42,21.43,4600,25600,200,4100,1000,2400,13100,10100,700,200,3400,25700,6200,7900,4800,8400,42600,21100,2000,18300
234.0,21.34,7755400,121858952.04,21.33,21.31,21.3,21.29,21.28,21.27,21.26,21.25,21.24,21.23,21.34,21.35,21.36,21.37,21.38,21.39,21.4,21.41,21.42,21.43,19300,400,4600,25600,200,4100,1000,2400,13100,10100,100,26600,8200,7900,4800,8400,41300,17900,2100,18300
235.0,21.35,7805300,122924289.04,21.35,21.33,21.31,21.3,21.29,21.28,21.27,21.26,21.25,21.24,21.37,21.38,21.39,21.4,21.41,21.42,21.43,21.44,21.45,21.46,3900,37000,400,4600,25600,200,4100,1000,2400,13100,6400,4100,4200,38800,17900,2100,18300,800,7700,4800
236.0,21.39,7836500,123590655.04,21.39,21.38,21.37,21.36,21.33,21.31,21.29,21.28,21.27,21.26,21.4,21.41,21.42,21.43,21.44,21.45,21.46,21.48,21.49,21.5,2100,100,5700,300,21900,1500,25600,200,4100,1000,39200,17900,2100,18300,800,7700,4800,1000,11600,40200
237.0,21.37,7839600,123656945.04,21.37,21.36,21.35,21.34,21.33,21.31,21.29,21.28,21.27,21.26,21.4,21.41,21.42,21.43,21.44,21.45,21.46,21.48,21.49,21.5,4800,300,7600,300,21900,1500,25600,200,4100,1000,40200,17900,2100,18300,800,7700,2800,1000,11600,40200
238.0,21.4,7889200,124718223.04,21.37,21.36,21.35,21.34,21.33,21.31,21.29,21.28,21.27,21.26,21.4,21.41,21.42,21.43,21.44,21.45,21.46,21.48,21.49,21.5,1600,5900,7900,500,21900,1500,25000,200,4100,1000,300,16100,2100,18300,800,7700,2800,1000,11600,40200
239.0,21.39,7905000,125055696.04,21.39,21.37,21.36,21.35,21.34,21.33,21.31,21.29,21.28,21.27,21.4,21.41,21.42,21.43,21.44,21.45,21.46,21.48,21.49,21.5,200,800,1800,7500,5800,22600,1500,25000,700,4100,300,16500,2100,18300,800,7700,2800,1000,11600,40200
240.0,21.37,7915200,125273541.04,21.37,21.36,21.35,21.34,21.33,21.31,21.3,21.29,21.28,21.27,21.4,21.41,21.42,21.43,21.44,21.45,21.46,21.48,21.49,21.5,1400,200,3500,5800,22600,1500,1100,25000,700,5000,800,16500,2100,18300,800,7700,2800,1000,11600,41700
241.0,21.36,7919400,125363279.04,21.37,21.36,21.35,21.34,21.33,21.31,21.3,21.29,21.28,21.27,21.4,21.41,21.42,21.43,21.44,21.45,21.46,21.48,21.49,21.5,2300,2200,3800,8200,24400,1500,1100,25000,700,5000,900,16500,2100,18300,800,7700,2800,1600,11600,41700
242.0,21.36,7947400,125961716.04,21.35,21.34,21.33,21.31,21.3,21.29,21.28,21.27,21.26,21.25,21.39,21.41,21.42,21.43,21.44,21.45,21.46,21.48,21.49,21.5,3800,8200,24400,1500,1100,25000,700,5000,1000,2300,800,16900,2100,18300,800,7700,2800,1600,11600,41700
243.0,21.37,7955900,126143528.04,21.37,21.36,21.35,21.34,21.33,21.31,21.3,21.29,21.28,21.27,21.41,21.42,21.43,21.44,21.45,21.46,21.48,21.49,21.5,21.51,2100,600,3900,8200,44900,2500,1300,25000,700,5000,16300,1000,18300,800,7700,2800,1600,11600,41700,3700
244.0,21.39,7967500,126391424.04,21.4,21.37,21.36,21.35,21.34,21.33,21.31,21.3,21.29,21.28,21.41,21.42,21.43,21.44,21.45,21.46,21.48,21.49,21.5,21.51,6400,25600,1800,11200,8500,44800,2500,1300,25000,700,51700,1000,18300,800,7700,2800,1600,11600,41700,3700
245.0,21.4,7990700,126887700.04,21.37,21.36,21.35,21.34,21.33,21.31,21.3,21.29,21.28,21.27,21.41,21.42,21.43,21.44,21.45,21.46,21.48,21.49,21.5,21.51,21200,1800,14600,9100,44800,2500,1300,25000,700,4100,47000,1300,18300,800,7700,2800,1600,11600,41700,3700
246.0,21.4,7995000,126979681.04,21.37,21.36,21.35,21.34,21.33,21.31,21.3,21.29,21.28,21.27,21.41,21.42,21.43,21.44,21.45,21.46,21.48,21.49,21.5,21.51,37300,2000,13800,9400,44800,2500,1300,25000,700,1000,65000,1300,18300,800,7700,2800,1600,11600,41700,3700
247.0,21.41,7997100,127024631.04,21.4,21.37,21.36,21.35,21.34,21.33,21.31,21.3,21.29,21.28,21.41,21.42,21.43,21.44,21.45,21.46,21.48,21.49,21.5,21.51,13000,37300,1800,14000,9400,44800,3000,1300,31000,700,63700,1800,18300,800,7700,2800,1600,11600,41700,3700
248.0,21.4,8000400,127095252.04,21.4,21.38,21.37,21.36,21.35,21.34,21.33,21.31,21.3,21.29,21.41,21.42,21.43,21.44,21.45,21.46,21.48,21.49,21.5,21.51,10500,1600,37300,42600,15200,13400,44600,3000,1300,31000,63700,1500,18000,800,1700,2800,1600,11600,41700,3700
249.0,21.37,8016200,127433273.04,21.37,21.36,21.35,21.34,21.33,21.31,21.3,21.29,21.28,21.27,21.38,21.4,21.41,21.42,21.43,21.44,21.45,21.46,21.48,21.49,35100,45700,16200,13400,44600,3000,1300,31000,700,1000,2600,7700,69300,3600,18000,800,1700,2800,1600,11600
250.0,21.38,8041600,127976191.04,21.37,21.36,21.35,21.34,21.33,21.31,21.3,21.29,21.28,21.27,21.38,21.4,21.41,21.42,21.43,21.44,21.45,21.46,21.48,21.49,21700,47100,16200,13400,64600,4000,1300,31000,700,1000,3600,10400,69300,3600,18000,800,1700,2800,1600,11600
251.0,21.4,8058200,128331134.04,21.38,21.37,21.36,21.35,21.34,21.33,21.31,21.3,21.29,21.28,21.4,21.41,21.42,21.43,21.45,21.46,21.48,21.49,21.5,21.51,13800,15800,46800,17200,9100,64600,4000,1300,31000,700,5500,69300,5000,18000,1700,2800,1600,11600,41700,3700
252.0,21.38,8070200,128587710.04,21.38,21.37,21.36,21.35,21.34,21.33,21.31,21.3,21.29,21.28,21.39,21.4,21.41,21.42,21.43,21.45,21.46,21.48,21.49,21.5,2600,15800,46800,20200,9100,64600,4000,1300,31000,500,200,4800,69300,5000,18000,1700,2800,1600,11600,41700
253.0,21.38,8089000,128990003.04,21.38,21.37,21.36,21.35,21.34,21.33,21.31,21.3,21.29,21.28,21.4,21.41,21.42,21.43,21.45,21.46,21.48,21.49,21.5,21.51,1600,15800,46000,21700,9100,64600,4000,1500,31000,500,2100,68400,6000,18000,1700,2800,1600,11600,41700,3800
254.0,21.37,8097100,129163180.04,21.37,21.36,21.35,21.34,21.33,21.31,21.3,21.29,21.28,21.27,21.39,21.4,21.41,21.42,21.43,21.45,21.46,21.48,21.49,21.5,13000,46200,20500,9400,69400,4000,1600,31000,500,1000,500,500,69700,6000,18000,1700,2800,1600,11600,40700
255.0,21.37,8107000,129374913.04,21.37,21.36,21.35,21.34,21.33,21.31,21.3,21.29,21.28,21.27,21.4,21.41,21.42,21.43,21.45,21.46,21.48,21.49,21.5,21.51,8300,47200,20600,9400,69100,4000,800,31000,500,1000,1200,67900,6000,18000,1700,2800,1600,10600,40700,3800
256.0,21.38,8111700,129475458.04,21.37,21.36,21.35,21.34,21.33,21.31,21.3,21.29,21.28,21.27,21.38,21.39,21.4,21.41,21.42,21.43,21.45,21.46,21.48,21.49,8600,46000,20600,17800,69100,4000,800,31000,500,1000,1600,900,2700,69100,6000,16000,1300,2800,1600,17600
257.0,21.39,8124700,129753452.04,21.37,21.36,21.35,21.34,21.33,21.31,21.3,21.29,21.28,21.27,21.39,21.4,21.41,21.42,21.43,21.45,21.46,21.48,21.49,21.5,8200,50600,20700,17800,69100,4000,800,31000,500,1100,1500,3300,69100,6000,16000,1300,2800,2400,17600,40700
258.0,21.36,8175000,130828452.04,21.36,21.35,21.34,21.33,21.31,21.3,21.29,21.28,21.27,21.26,21.4,21.41,21.42,21.43,21.45,21.46,21.48,21.49,21.5,21.51,21900,20700,19100,69100,4000,800,31000,500,1100,1000,1600,69100,6000,16000,1300,2800,2400,17600,40700,3800
259.0,21.38,8179900,130933274.04,21.38,21.37,21.36,21.35,21.34,21.33,21.31,21.3,21.29,21.28,21.4,21.41,21.42,21.43,21.45,21.46,21.48,21.49,21.5,21.51,3000,2000,39100,20700,19100,69100,4000,800,31000,500,15800,69100,6000,16000,1300,2800,2400,17600,40700,3800
260.0,21.4,8221800,131828736.04,21.36,21.35,21.34,21.33,21.31,21.3,21.29,21.28,21.27,21.26,21.4,21.41,21.42,21.43,21.45,21.46,21.48,21.49,21.5,21.51,16600,20300,19100,69600,4000,900,31000,500,1100,1000,7300,69100,6600,16000,1300,2800,2400,17600,40700,3800
261.0,21.39,8228300,131967713.04,21.36,21.35,21.34,21.33,21.31,21.3,21.29,21.28,21.27,21.26,21.4,21.41,21.42,21.43,21.45,21.46,21.48,21.49,21.5,21.51,48700,20600,19100,69600,4000,1900,31000,500,1100,1000,16200,68800,6600,16000,1300,2800,1800,17600,38300,3800
262.0,21.4,8235500,132121757.04,21.36,21.35,21.34,21.33,21.31,21.3,21.29,21.28,21.27,21.26,21.4,21.41,21.42,21.43,21.45,21.46,21.48,21.49,21.5,21.51,55500,21700,15100,69600,4000,1900,31000,500,1100,1000,24800,68800,6600,16000,1300,2800,1800,17600,38200,3800
263.0,21.4,8257000,132581069.04,21.36,21.35,21.34,21.33,21.31,21.3,21.29,21.28,21.27,21.26,21.4,21.41,21.42,21.43,21.44,21.45,21.46,21.48,21.49,21.5,46000,21700,7700,69600,4000,1900,31000,500,1100,1000,31200,70600,6600,16000,200,1300,2800,1800,17600,32200
264.0,21.36,8262300,132694280.04,21.36,21.35,21.34,21.33,21.31,21.3,21.29,21.28,21.27,21.26,21.37,21.38,21.39,21.4,21.41,21.42,21.43,21.44,21.45,21.46,43900,22000,7700,69600,5000,3000,31000,500,1100,1000,6700,6200,6100,32700,70600,6600,16000,500,1300,2800
265.0,21.36,8278800,133046734.04,21.36,21.35,21.34,21.33,21.31,21.3,21.29,21.28,21.27,21.26,21.37,21.38,21.39,21.4,21.41,21.42,21.43,21.44,21.45,21.46,29900,28300,8100,69700,5000,3100,31000,500,1100,1000,5300,7400,6100,32700,70600,6600,16000,500,1300,2800
266.0,21.36,8287700,133236927.04,21.36,21.35,21.34,21.33,21.31,21.3,21.29,21.28,21.27,21.26,21.38,21.39,21.4,21.41,21.42,21.43,21.44,21.45,21.46,21.48,28700,29100,8100,69800,5000,3100,31000,900,1100,1000,5600,6100,32900,70600,6600,16000,500,1300,2800,1800
267.0,21.36,8295100,133394995.04,21.36,21.35,21.34,21.33,21.32,21.31,21.3,21.29,21.28,21.27,21.38,21.39,21.4,21.41,21.42,21.43,21.44,21.45,21.46,21.48,21700,34900,8100,69800,100,5000,3100,31000,900,1100,5600,7900,33400,70600,6600,14200,500,1300,2800,1800
268.0,21.38,8309600,133704791.04,21.36,21.35,21.34,21.33,21.32,21.31,21.3,21.29,21.28,21.27,21.38,21.39,21.4,21.41,21.42,21.43,21.44,21.45,21.46,21.47,12600,35600,8100,69800,100,5000,3100,31000,900,1100,1800,8100,33400,70600,5200,14200,500,1300,2800,2000
269.0,21.36,8311100,133736831.04,21.36,21.35,21.34,21.33,21.32,21.31,21.3,21.29,21.28,21.27,21.38,21.39,21.4,21.41,21.42,21.43,21.44,21.45,21.46,21.47,12100,35600,10300,71000,100,5000,3300,31500,900,1100,1800,8100,33500,70600,5200,14200,500,1300,2800,2000
270.0,21.33,8404300,135726065.04,21.35,21.34,21.33,21.32,21.31,21.3,21.29,21.28,21.27,21.26,21.38,21.39,21.4,21.41,21.42,21.43,21.44,21.45,21.46,21.47,300,500,40500,100,5000,3300,31500,1000,1100,3200,1900,8100,33500,70600,5200,15300,500,1300,2800,2000
271.0,21.34,8405900,135760228.04,21.33,21.32,21.31,21.3,21.29,21.28,21.27,21.26,21.25,21.24,21.34,21.35,21.38,21.39,21.4,21.41,21.42,21.43,21.44,21.45,40800,100,5000,3300,31500,1000,1100,3200,2900,5600,1000,1500,2400,8100,33500,70600,5200,15300,500,1300
272.0,21.33,8448400,136668355.04,21.33,21.32,21.31,21.3,21.29,21.28,21.27,21.26,21.25,21.24,21.34,21.35,21.36,21.4,21.41,21.42,21.43,21.44,21.45,21.46,30700,100,5000,3300,31500,1000,1500,3300,2900,5600,400,1400,2700,21600,70300,5200,15300,500,1300,2800
273.0,21.34,8462600,136971252.04,21.33,21.32,21.31,21.3,21.29,21.28,21.27,21.26,21.25,21.24,21.34,21.35,21.36,21.4,21.41,21.42,21.43,21.44,21.45,21.46,17600,100,5000,3400,31500,1000,1500,4500,5300,5900,400,10700,1600,21600,70300,5200,15300,500,1300,2800
274.0,21.31,8483100,137408476.04,21.31,21.3,21.29,21.28,21.27,21.26,21.25,21.24,21.23,21.22,21.33,21.34,21.35,21.4,21.41,21.42,21.43,21.44,21.45,21.46,3000,3500,31500,1000,1500,3300,4500,5600,1000,700,5200,3100,10700,21600,70300,5800,16100,500,1300,2800
275.0,21.3,8489500,137544832.04,21.3,21.29,21.28,21.27,21.26,21.25,21.24,21.23,21.22,21.21,21.31,21.32,21.33,21.34,21.35,21.4,21.41,21.42,21.43,21.44,700,31500,1000,1500,3300,4800,5600,1000,700,2900,1400,2100,20300,3800,11200,27600,70300,5800,16100,500
276.0,21.29,8493100,137621485.04,21.29,21.28,21.27,21.26,21.25,21.24,21.23,21.22,21.21,21.2,21.3,21.31,21.32,21.33,21.34,21.35,21.4,21.41,21.42,21.43,28700,1000,1500,3300,5700,5600,1000,700,2900,13700,4200,5500,3200,20300,3800,11200,29300,70300,5800,16100
277.0,21.29,8504300,137859935.04,21.29,21.28,21.27,21.26,21.25,21.24,21.23,21.22,21.21,21.2,21.3,21.31,21.32,21.33,21.34,21.35,21.4,21.41,21.42,21.43,17700,1000,1500,3300,5900,5600,1200,700,2900,13700,6500,5500,3200,20300,4800,16200,29300,69600,5800,16100
278.0,21.29,8518900,138170819.04,21.29,21.28,21.27,21.26,21.25,21.24,21.23,21.22,21.21,21.2,21.3,21.31,21.32,21.33,21.34,21.35,21.4,21.41,21.42,21.43,8100,1500,1500,3300,5900,5600,1200,700,2900,13800,1600,5500,8300,20300,4800,17200,26400,65400,5800,16100
279.0,21.29,8526000,138321978.04,21.29,21.28,21.27,21.26,21.25,21.24,21.23,21.22,21.21,21.2,21.3,21.31,21.32,21.33,21.34,21.35,21.4,21.41,21.42,21.43,1000,1700,1500,3300,6400,5600,1300,700,2900,27900,2500,5500,8300,19400,4800,17200,25500,65400,5800,16100
280.0,21.22,8551000,138853429.04,21.22,21.21,21.2,21.19,21.18,21.17,21.16,21.15,21.14,21.13,21.25,21.31,21.32,21.33,21.34,21.35,21.4,21.41,21.42,21.43,100,2900,28000,700,2600,4900,9900,11700,6900,17300,600,5700,8300,19400,4800,17200,25500,65400,5800,16100
281.0,21.24,8557000,138980804.04,21.21,21.2,21.19,21.18,21.17,21.16,21.15,21.14,21.13,21.12,21.24,21.25,21.31,21.32,21.33,21.34,21.35,21.4,21.41,21.42,3100,28000,700,2600,4900,9900,11700,6900,17300,18800,700,700,5700,8300,19400,5300,17200,26000,65400,6000
282.0,21.24,8561600,139078426.04,21.22,21.21,21.2,21.19,21.18,21.17,21.16,21.15,21.14,21.13,21.23,21.24,21.25,21.26,21.27,21.31,21.32,21.33,21.34,21.35,400,700,28000,700,2600,4900,9900,11700,6900,17300,500,2200,900,300,500,5700,8300,19400,5300,17200
283.0,21.22,8566000,139171819.04,21.21,21.2,21.19,21.18,21.17,21.16,21.15,21.14,21.13,21.12,21.22,21.23,21.24,21.25,21.26,21.27,21.31,21.32,21.33,21.34,800,28100,700,2600,4900,9900,11700,6900,17300,18800,2300,1200,3000,1800,300,500,5700,8300,19400,4600
284.0,21.21,8573700,139335122.04,21.2,21.19,21.18,21.17,21.16,21.15,21.14,21.13,21.12,21.11,21.21,21.22,21.23,21.24,21.25,21.26,21.27,21.31,21.32,21.33,25300,700,2600,4900,9900,13700,6900,17300,18800,17500,300,600,5500,3200,1800,300,500,5700,8300,19500
285.0,21.22,8577300,139411493.04,21.21,21.2,21.19,21.18,21.17,21.16,21.15,21.14,21.13,21.12,21.22,21.23,21.24,21.25,21.26,21.27,21.31,21.32,21.33,21.34,400,25800,700,2600,4900,10900,13700,6900,17300,18900,2500,34500,3200,1800,300,500,5700,8300,17200,1500
286.0,21.23,8583200,139536717.04,21.21,21.2,21.19,21.18,21.17,21.16,21.15,21.14,21.13,21.12,21.23,21.24,21.25,21.26,21.27,21.31,21.32,21.33,21.34,21.35,1600,25800,700,2600,4900,10900,13700,6900,17300,18900,34500,3200,1800,300,500,5700,8300,17200,1500,20000
287.0,21.23,8647400,140898590.04,21.21,21.2,21.19,21.18,21.17,21.16,21.15,21.14,21.13,21.12,21.22,21.23,21.24,21.25,21.26,21.27,21.31,21.32,21.33,21.34,600,500,100,2600,4900,10900,13700,6900,17300,18900,3500,14800,3200,4800,300,500,5700,3200,8700,1500
288.0,21.19,8657500,141112734.04,21.2,21.18,21.17,21.16,21.15,21.14,21.13,21.12,21.11,21.1,21.22,21.23,21.24,21.25,21.26,21.27,21.31,21.32,21.33,21.34,16600,2900,4900,10900,13700,6900,17300,18900,17400,57100,2500,21400,3200,6600,300,500,5700,3200,8700,1500
289.0,21.22,8674600,141475341.04,21.21,21.2,21.18,21.17,21.16,21.15,21.14,21.13,21.12,21.11,21.22,21.23,21.24,21.25,21.26,21.27,21.3,21.31,21.32,21.33,6100,5500,2600,4900,10900,13700,6900,17300,18900,17400,3500,22000,3200,6600,300,500,500,5700,2100,6300
290.0,21.21,8680000,141589895.04,21.21,21.2,21.18,21.17,21.16,21.15,21.14,21.13,21.12,21.11,21.22,21.23,21.24,21.25,21.26,21.3,21.31,21.32,21.33,21.34,2800,6300,2600,4900,10900,13700,6900,17300,18900,17400,3000,22000,3200,6600,300,500,5700,700,2700,1500
291.0,21.2,8685200,141700182.04,21.2,21.18,21.17,21.16,21.15,21.14,21.13,21.12,21.11,21.1,21.21,21.22,21.23,21.24,21.25,21.26,21.3,21.31,21.32,21.33,5400,2600,4900,10900,13700,6900,17300,18900,17400,57100,100,2400,21500,3200,6600,300,500,5700,700,2700
292.0,21.21,8686800,141734121.04,21.2,21.18,21.17,21.16,21.15,21.14,21.13,21.12,21.11,21.1,21.21,21.22,21.23,21.24,21.25,21.26,21.3,21.31,21.33,21.34,6200,2600,4900,10900,13700,6900,17300,18900,17400,57100,200,9400,21400,3200,6600,300,500,5000,2700,1500
293.0,21.2,8715100,142333387.04,21.17,21.15,21.14,21.13,21.12,21.11,21.1,21.09,21.08,21.07,21.2,21.21,21.22,21.23,21.24,21.25,21.26,21.3,21.31,21.33,1400,12800,7200,17300,18800,17400,57600,3100,7900,3900,1700,100,9500,27200,3200,6600,300,500,1500,2700
294.0,21.2,8724100,142524200.04,21.17,21.15,21.14,21.13,21.12,21.11,21.1,21.09,21.08,21.07,21.2,21.22,21.23,21.24,21.25,21.26,21.3,21.31,21.33,21.34,1200,12800,7200,17300,18800,17400,57600,3100,7900,3900,11600,8600,26900,3200,6600,300,500,1500,2700,1700
295.0,21.2,8727400,142594148.04,21.18,21.17,21.15,21.14,21.13,21.12,21.11,21.1,21.09,21.08,21.2,21.22,21.23,21.24,21.25,21.26,21.27,21.3,21.31,21.33,1600,800,12800,7200,17300,18800,17400,57700,3100,7900,16000,11600,25700,3200,6600,300,1200,500,1500,2700
296.0,21.19,8729200,142632296.04,21.18,21.17,21.15,21.14,21.13,21.12,21.11,21.1,21.09,21.08,21.19,21.2,21.21,21.22,21.23,21.24,21.25,21.26,21.27,21.3,2100,1200,12800,7200,17300,19800,17200,59100,3200,7900,1400,17600,700,11600,25700,3200,6600,300,1200,500
297.0,21.19,8741000,142882417.04,21.18,21.17,21.15,21.14,21.13,21.12,21.11,21.1,21.09,21.08,21.19,21.2,21.21,21.22,21.23,21.24,21.25,21.26,21.27,21.3,1500,1200,12800,7200,17300,19800,17200,59100,3200,7900,200,14500,2200,12000,26300,3200,6600,300,1200,500
298.0,21.15,8770900,143515604.04,21.15,21.14,21.13,21.12,21.11,21.1,21.09,21.08,21.07,21.06,21.2,21.21,21.22,21.23,21.24,21.25,21.26,21.27,21.3,21.31,500,7200,15100,19800,17200,59100,3200,7900,3900,21200,1300,2200,13200,26300,3200,2700,300,1200,500,1500
299.0,21.19,8778700,143680822.04,21.17,21.15,21.14,21.13,21.12,21.11,21.1,21.09,21.08,21.07,21.19,21.2,21.21,21.22,21.23,21.24,21.25,21.26,21.27,21.3,1200,500,6900,15100,19800,17200,59100,3200,7900,3900,1100,13000,2200,13200,26300,3200,2100,300,1200,500
300.0,21.14,8864900,145508086.04,21.14,21.13,21.12,21.11,21.1,21.09,21.08,21.07,21.06,21.05,21.16,21.17,21.18,21.19,21.2,21.21,21.22,21.23,21.24,21.25,5300,15100,19800,17200,59100,3200,7900,3900,21200,27000,500,6200,4500,5700,800,700,13200,26300,3200,2100
301.0,21.17,8869600,145607565.04,21.15,21.14,21.13,21.12,21.11,21.1,21.09,21.08,21.07,21.06,21.17,21.18,21.19,21.2,21.21,21.22,21.23,21.24,21.25,21.26,200,5100,15100,19800,17200,61100,3200,7900,3900,21200,3300,4500,5700,1000,700,13200,26300,3200,2100,300
302.0,21.17,8879500,145817154.04,21.15,21.14,21.13,21.12,21.11,21.1,21.09,21.08,21.07,21.06,21.17,21.18,21.19,21.2,21.21,21.22,21.23,21.25,21.26,21.27,3000,4800,15100,20200,17200,61100,3200,10900,3900,21200,7000,18400,2500,200,700,13200,15600,2100,300,1200
303.0,21.18,8904100,146337835.04,21.14,21.13,21.12,21.11,21.1,21.09,21.08,21.07,21.06,21.05,21.18,21.19,21.2,21.21,21.22,21.23,21.25,21.26,21.27,21.29,2600,15100,20200,17200,61100,3200,10900,3900,21200,27000,14500,2500,200,700,13200,15600,2100,300,1200,8600
304.0,21.14,8906300,146384394.04,21.14,21.13,21.12,21.11,21.1,21.09,21.08,21.07,21.06,21.05,21.17,21.18,21.19,21.2,21.21,21.22,21.23,21.25,21.26,21.27,2100,15100,20200,17200,61100,3200,10900,3900,21200,27000,200,14700,2500,200,700,12800,15200,2100,300,1200
305.0,21.14,8914700,146562039.04,21.13,21.12,21.11,21.1,21.09,21.08,21.07,21.06,21.05,21.04,21.14,21.17,21.18,21.2,21.21,21.22,21.23,21.25,21.26,21.27,15000,20500,17200,61100,3200,10900,3900,21200,27000,3100,1100,5800,14300,1200,700,12800,15200,2100,300,1200
306.0,21.17,8924300,146765214.04,21.16,21.14,21.13,21.12,21.11,21.1,21.09,21.08,21.07,21.06,21.17,21.18,21.2,21.21,21.22,21.23,21.25,21.26,21.27,21.29,4000,900,15000,20500,17200,61100,3200,10900,3900,21200,2200,15300,1200,700,12800,15200,2100,300,1200,8600
307.0,21.16,8929700,146879519.04,21.17,21.16,21.14,21.13,21.12,21.11,21.1,21.09,21.08,21.07,21.18,21.2,21.21,21.22,21.23,21.25,21.26,21.27,21.29,21.3,400,900,900,15000,20500,17200,61300,3200,10900,3900,15300,1200,700,5300,14500,2100,300,1200,8600,600
308.0,21.18,9013300,148647913.04,21.14,21.13,21.12,21.11,21.1,21.09,21.08,21.07,21.06,21.05,21.17,21.18,21.2,21.21,21.22,21.23,21.25,21.26,21.27,21.29,200,300,7800,23800,87300,3200,10900,3900,21200,27000,200,1100,1200,700,5300,12900,2100,300,1200,8600
309.0,21.12,9019600,148781199.04,21.12,21.11,21.1,21.09,21.08,21.07,21.06,21.05,21.04,21.03,21.2,21.21,21.22,21.23,21.25,21.26,21.27,21.29,21.3,21.31,6400,24100,87300,3200,10900,3900,21200,27000,3100,3000,1500,700,5300,12900,2100,300,1200,8600,600,1500
310.0,21.17,9020600,148802381.04,21.17,21.16,21.14,21.13,21.12,21.11,21.1,21.09,21.08,21.07,21.18,21.2,21.21,21.22,21.23,21.25,21.26,21.27,21.29,21.3,100,100,200,9900,12100,20700,87600,3200,10900,3900,1600,6300,700,4900,12900,2100,300,1200,8600,600
311.0,21.16,9025200,148899603.04,21.14,21.13,21.12,21.11,21.1,21.09,21.08,21.07,21.06,21.05,21.16,21.18,21.2,21.21,21.22,21.23,21.25,21.26,21.27,21.29,300,5600,12400,20700,88200,3300,10900,3900,21200,27000,600,1600,6300,700,4800,12900,2100,300,1200,8600
312.0,21.14,9028500,148969397.04,21.14,21.13,21.12,21.11,21.1,21.09,21.08,21.07,21.06,21.05,21.16,21.18,21.19,21.2,21.21,21.22,21.23,21.25,21.26,21.27,900,5400,12400,20700,88600,3300,10900,3900,21200,27000,3000,2300,1700,6300,700,3700,12900,2100,300,1200
313.0,21.12,9068000,149803993.04,21.12,21.11,21.1,21.09,21.08,21.07,21.06,21.05,21.04,21.03,21.14,21.17,21.18,21.19,21.2,21.21,21.22,21.23,21.25,21.26,16000,21200,88600,3300,10900,3900,21200,27000,4100,3000,10000,100,600,2100,6400,700,3700,12600,2100,300
314.0,21.18,9082400,150108526.04,21.18,21.17,21.15,21.13,21.12,21.11,21.1,21.09,21.08,21.07,21.19,21.2,21.21,21.22,21.23,21.25,21.26,21.27,21.29,21.3,900,6100,1600,1000,15500,21600,88600,3300,10900,3900,1700,6400,700,3700,12600,1800,300,1200,8600,600
315.0,21.17,9181200,152195171.04,21.14,21.13,21.12,21.11,21.1,21.09,21.08,21.07,21.06,21.05,21.17,21.2,21.21,21.22,21.23,21.25,21.26,21.27,21.29,21.3,200,800,3600,69100,87200,3300,10900,3900,21200,27000,2400,5100,1000,3700,7300,1800,300,1200,8600,600
316.0,21.16,9205800,152715772.04,21.15,21.14,21.13,21.12,21.11,21.1,21.09,21.08,21.07,21.06,21.16,21.18,21.2,21.21,21.22,21.23,21.25,21.26,21.27,21.29,1800,200,800,3600,69600,87600,3300,10900,3900,21200,21600,300,5300,1000,4100,6900,1800,300,1200,8600
317.0,21.17,9230800,153244777.04,21.17,21.16,21.15,21.14,21.13,21.12,21.11,21.1,21.09,21.08,21.18,21.2,21.21,21.22,21.23,21.25,21.26,21.27,21.29,21.3,30600,3000,4600,400,1000,1200,69600,88600,3300,10900,400,5300,1000,4100,6900,1800,300,1200,8600,600
318.0,21.21,9248300,153615581.04,21.21,21.18,21.17,21.16,21.15,21.14,21.13,21.12,21.11,21.1,21.22,21.23,21.25,21.26,21.27,21.29,21.3,21.31,21.32,21.33,24500,200,25600,3500,6000,1400,1000,1200,69600,100800,4400,6600,1800,300,1200,8600,600,1500,100,2700
319.0,21.21,9255400,153766172.04,21.21,21.18,21.17,21.16,21.15,21.14,21.13,21.12,21.11,21.1,21.22,21.23,21.25,21.26,21.27,21.29,21.3,21.31,21.32,21.33,17400,2200,25600,3500,6700,1400,1000,1200,73900,100800,4400,6600,1800,300,1200,8600,600,1500,100,2700
320.0,21.22,9260300,153870106.04,21.21,21.2,21.18,21.17,21.16,21.15,21.14,21.13,21.12,21.11,21.22,21.23,21.25,21.26,21.27,21.29,21.3,21.31,21.32,21.33,13300,500,2700,29700,800,7000,1400,1000,1200,31600,3900,13200,1800,300,1200,8600,600,1500,100,2700
321.0,21.17,9279700,154281413.04,21.17,21.16,21.15,21.14,21.13,21.12,21.11,21.1,21.09,21.08,21.2,21.21,21.22,21.23,21.25,21.26,21.27,21.29,21.3,21.31,28900,2900,7000,1800,1800,1200,32100,102800,3200,12500,300,7800,3400,13200,1800,300,1200,8600,600,1500
322.0,21.18,9287200,154440190.04,21.18,21.17,21.16,21.15,21.14,21.13,21.12,21.11,21.1,21.09,21.2,21.21,21.22,21.23,21.25,21.26,21.27,21.29,21.3,21.31,700,21600,2900,7000,1800,2900,1200,36400,103500,3200,300,10100,7800,13200,1800,300,1200,8600,600,1500
323.0,21.17,9314500,155018192.04,21.16,21.15,21.14,21.13,21.12,21.11,21.1,21.09,21.08,21.07,21.17,21.2,21.21,21.22,21.23,21.25,21.26,21.27,21.29,21.3,3600,7000,1600,3900,4800,36400,103300,3200,12700,3900,32200,200,9900,7800,7900,1800,300,1200,8600,600
324.0,21.17,9323200,155202369.04,21.16,21.15,21.14,21.13,21.12,21.11,21.1,21.09,21.08,21.07,21.17,21.2,21.21,21.22,21.23,21.25,21.26,21.27,21.29,21.3,3400,7500,1600,3900,4900,37400,91200,3200,12700,3900,24100,200,20700,7800,7900,1800,300,1200,8600,600
325.0,21.15,9347100,155707862.04,21.13,21.12,21.11,21.1,21.09,21.08,21.07,21.06,21.05,21.04,21.15,21.17,21.19,21.2,21.21,21.22,21.23,21.25,21.26,21.27,3900,4200,40200,91200,3200,12700,3900,21400,30900,4100,75300,23700,200,200,19300,6500,7900,1800,300,1200
326.0,21.13,9360100,155982706.04,21.12,21.11,21.1,21.09,21.08,21.07,21.06,21.05,21.04,21.03,21.13,21.15,21.17,21.19,21.2,21.21,21.22,21.23,21.25,21.26,4300,40600,91200,3500,12700,3900,21400,30900,4100,3500,21700,69800,23800,200,400,20100,6600,7900,1800,300
327.0,21.13,9378300,156367057.04,21.11,21.1,21.09,21.08,21.07,21.06,21.05,21.04,21.03,21.02,21.13,21.14,21.15,21.16,21.17,21.19,21.2,21.21,21.22,21.23,33700,91500,3500,12100,3900,21400,30900,4100,3500,9000,18500,1400,70000,100,500,200,200,24900,6600,7900
328.0,21.13,9394400,156707016.04,21.12,21.11,21.1,21.09,21.08,21.07,21.06,21.05,21.04,21.03,21.13,21.14,21.15,21.16,21.17,21.19,21.2,21.21,21.22,21.23,200,22100,92000,3500,12100,3900,21400,30900,4100,3500,14900,1400,70000,100,46900,200,200,23600,6600,7900
329.0,21.07,9532400,159618551.04,21.06,21.05,21.04,21.03,21.02,21.01,21.0,20.99,20.98,20.97,21.08,21.09,21.1,21.11,21.13,21.14,21.15,21.16,21.17,21.19,21400,30900,4100,3500,9000,44500,344100,6300,15300,4900,1500,15300,16500,300,15800,1400,69700,100,47800,200
330.0,21.09,9564300,160290382.04,21.05,21.04,21.03,21.02,21.01,21.0,20.99,20.98,20.97,20.96,21.07,21.09,21.1,21.11,21.12,21.13,21.15,21.16,21.17,21.19,24000,5300,3500,9000,44500,344100,5800,15300,4900,12500,12500,13700,16600,700,600,21100,69700,100,48300,200
331.0,21.05,9594500,160926101.04,21.04,21.03,21.02,21.01,21.0,20.99,20.98,20.97,20.96,20.95,21.05,21.06,21.07,21.09,21.1,21.11,21.12,21.13,21.15,21.16,3200,4200,9000,44500,344000,5800,15300,4900,12500,3900,700,8100,11400,13600,16800,1200,600,21100,69700,100
332.0,21.06,9614600,161349283.04,21.03,21.02,21.01,21.0,20.99,20.98,20.97,20.96,20.95,20.94,21.06,21.07,21.08,21.09,21.1,21.11,21.12,21.13,21.15,21.16,3200,9000,44500,344000,5800,15300,4900,12500,3900,200,300,11200,400,13700,47800,900,400,9800,69700,100
333.0,21.05,9632400,161723581.04,21.01,21.0,20.99,20.98,20.97,20.96,20.95,20.94,20.93,20.92,21.05,21.07,21.08,21.09,21.1,21.11,21.12,21.13,21.15,21.16,44500,361800,5800,15300,4900,12500,3900,200,3100,1200,200,61900,400,13700,66500,900,400,8700,69700,100
334.0,21.05,9634000,161757256.04,21.01,21.0,20.99,20.98,20.97,20.96,20.95,20.94,20.93,20.92,21.05,21.06,21.07,21.08,21.09,21.1,21.11,21.12,21.13,21.15,61800,362200,5800,15300,4900,12500,3900,200,3100,1200,15800,1900,63400,400,13700,80900,900,400,8700,69700
335.0,21.01,9657200,162244713.04,21.01,21.0,20.99,20.98,20.97,20.96,20.95,20.94,20.93,20.92,21.02,21.04,21.05,21.06,21.07,21.08,21.09,21.1,21.11,21.12,53300,363100,5800,15300,4900,12500,3900,200,3100,1200,1000,46700,35100,400,63400,4500,13700,72700,900,400
336.0,21.01,9683600,162799393.04,21.01,21.0,20.99,20.98,20.97,20.96,20.95,20.94,20.93,20.92,21.03,21.04,21.05,21.06,21.07,21.08,21.09,21.1,21.11,21.12,28500,363100,5800,15300,4900,12500,3900,200,3100,1200,600,48100,35100,400,63400,4500,13700,74400,900,400
337.0,21.04,9695000,163039081.04,21.01,21.0,20.99,20.98,20.97,20.96,20.95,20.94,20.93,20.92,21.04,21.05,21.06,21.07,21.08,21.09,21.1,21.11,21.12,21.13,24000,366600,5800,15300,4900,12500,3900,200,3100,1200,46200,35300,400,63400,4500,13700,60800,900,400,8900
338.0,21.02,9704700,163242971.04,21.01,21.0,20.99,20.98,20.97,20.96,20.95,20.94,20.93,20.92,21.03,21.04,21.05,21.06,21.07,21.08,21.09,21.1,21.11,21.12,18200,350000,5800,15300,4900,12500,3900,200,3100,1200,1600,7300,35300,6300,63400,4500,14700,62200,400,400
339.0,21.01,9899100,167325582.04,21.0,20.99,20.98,20.97,20.96,20.95,20.94,20.93,20.92,20.91,21.01,21.02,21.03,21.04,21.05,21.06,21.07,21.08,21.09,21.1,182500,5800,15300,4900,12500,3900,200,3100,1200,12600,2000,3500,1600,12200,40600,6300,63400,4500,11100,62900
340.0,21.01,9904000,167428547.04,21.0,20.99,20.98,20.97,20.96,20.95,20.94,20.93,20.92,20.91,21.01,21.02,21.03,21.04,21.05,21.06,21.07,21.08,21.09,21.1,182100,5800,14800,4900,12500,3900,200,3100,1200,12600,1600,1900,1600,14600,40900,6300,63400,4500,11100,61300
341.0,21.01,9928600,167945218.04,21.0,20.99,20.98,20.97,20.96,20.95,20.94,20.93,20.92,20.91,21.01,21.02,21.03,21.04,21.05,21.06,21.07,21.08,21.09,21.1,162100,5800,14800,4900,12500,3900,200,3100,1200,12600,300,1700,4100,26000,40900,6300,63200,4500,11100,61200
342.0,21.01,9953100,168460437.04,21.0,20.99,20.98,20.97,20.96,20.95,20.94,20.93,20.92,20.91,21.01,21.04,21.05,21.06,21.07,21.08,21.09,21.1,21.11,21.12,162600,5800,14800,4900,12500,3900,200,3100,1200,12600,700,15100,40900,6300,62700,4500,11100,61200,700,400
343.0,21.0,9965500,168720846.04,21.0,20.99,20.98,20.97,20.96,20.95,20.94,20.93,20.92,20.91,21.01,21.03,21.04,21.05,21.06,21.07,21.08,21.09,21.1,21.11,151100,5800,14800,4900,12500,3900,200,3100,1200,12600,7800,700,15100,40900,6300,62700,4500,11100,61100,400
344.0,21.0,9979700,169019105.04,21.0,20.99,20.98,20.97,20.96,20.95,20.94,20.93,20.92,20.91,21.01,21.03,21.04,21.05,21.06,21.07,21.08,21.09,21.1,21.11,142600,5800,14800,4900,12500,3900,200,3100,1200,12600,3100,700,18100,39900,6300,28200,4500,4600,60900,400
345.0,21.01,9998300,169409743.04,21.0,20.99,20.98,20.97,20.96,20.95,20.94,20.93,20.92,20.91,21.01,21.02,21.03,21.04,21.05,21.06,21.07,21.08,21.09,21.1,134400,6200,14800,5400,12500,3900,200,3600,1200,12600,5400,400,1100,18100,39900,6300,28200,4500,4600,60800
346.0,21.01,10011500,169687009.04,21.0,20.99,20.98,20.97,20.96,20.95,20.94,20.93,20.92,20.91,21.01,21.02,21.03,21.04,21.05,21.06,21.07,21.08,21.09,21.1,128200,6200,14800,5400,12500,3900,200,3600,1200,12600,12600,400,1100,18100,39800,6300,28200,4500,4600,60300
347.0,21.0,10153100,172660558.04,20.98,20.97,20.96,20.95,20.94,20.93,20.92,20.91,20.9,20.89,21.0,21.01,21.02,21.03,21.04,21.05,21.06,21.07,21.08,21.09,14800,5400,12500,3900,200,3600,1200,12600,57300,16000,1500,10200,400,1100,18100,41300,9200,28200,4500,3500
348.0,20.98,10160200,172809568.04,20.98,20.97,20.96,20.95,20.94,20.93,20.92,20.91,20.9,20.89,20.99,21.0,21.01,21.02,21.03,21.04,21.05,21.06,21.07,21.08,10900,5400,12500,3900,200,3600,1200,12600,51300,16000,6200,23300,10200,400,1100,18100,41300,3300,28200,4500
349.0,20.98,10181900,173264851.04,20.97,20.96,20.95,20.94,20.93,20.92,20.91,20.9,20.89,20.88,20.98,20.99,21.0,21.01,21.02,21.03,21.04,21.05,21.06,21.07,5400,12500,3900,200,3600,1200,14200,51300,16000,29100,3200,4500,35400,11300,400,1100,18100,41300,3300,28200
350.0,21.0,10216500,173990988.04,20.98,20.96,20.95,20.94,20.93,20.92,20.91,20.9,20.89,20.88,21.0,21.01,21.02,21.03,21.04,21.05,21.06,21.07,21.08,21.09,9800,12500,3900,200,3600,1200,14200,51300,16000,29100,33800,20700,400,1400,18100,36600,3300,18600,4500,2500
351.0,20.98,10221400,174093854.04,20.99,20.98,20.96,20.95,20.94,20.93,20.92,20.91,20.9,20.89,21.0,21.01,21.02,21.03,21.04,21.05,21.06,21.07,21.08,21.09,3000,8100,12500,3900,200,3600,1200,14200,51300,16000,45500,24000,400,6800,18100,36600,3300,18600,4500,2500
352.0,20.99,10252500,174746931.04,20.99,20.98,20.96,20.95,20.94,20.93,20.92,20.91,20.9,20.89,21.0,21.01,21.02,21.03,21.04,21.05,21.06,21.07,21.08,21.09,1400,8100,12500,3900,200,3600,1200,14200,51400,16000,31600,24500,400,6800,17300,36600,3300,18600,4500,2500
353.0,20.97,10271500,175145659.04,20.96,20.95,20.94,20.93,20.92,20.91,20.9,20.89,20.88,20.87,20.97,20.98,20.99,21.0,21.01,21.02,21.03,21.04,21.05,21.06,12500,3900,200,3600,1200,14200,51400,16000,28600,2500,38000,6400,400,58000,24700,400,6800,16500,36600,3300
354.0,20.97,10284300,175414075.04,20.96,20.95,20.94,20.93,20.92,20.91,20.9,20.89,20.88,20.87,20.97,20.98,20.99,21.0,21.01,21.02,21.03,21.04,21.05,21.06,12500,3900,200,3600,1200,14200,51400,16000,28100,2500,26500,7800,400,60600,24700,400,6800,16000,37000,3300
355.0,20.97,10293200,175600645.04,20.96,20.95,20.94,20.93,20.92,20.91,20.9,20.89,20.88,20.87,20.97,20.98,20.99,21.0,21.01,21.02,21.03,21.04,21.05,21.06,6200,3900,200,3600,1200,14200,52400,16000,29100,2500,28700,7800,4000,62400,24700,400,6800,16000,37000,3300
356.0,20.97,10332700,176429004.04,20.96,20.95,20.94,20.93,20.92,20.91,20.9,20.89,20.88,20.87,20.98,20.99,21.0,21.01,21.02,21.03,21.04,21.05,21.06,21.07,3600,16200,200,3600,1200,16200,52500,16000,29100,2500,6400,14900,62300,24700,400,6800,16000,37000,400,18600
357.0,20.96,10341800,176619827.04,20.96,20.95,20.94,20.93,20.92,20.91,20.9,20.89,20.88,20.87,20.97,20.98,20.99,21.0,21.01,21.02,21.03,21.04,21.05,21.06,1100,16200,200,3600,1200,16200,52500,16000,29100,2500,500,4800,23500,62400,24700,400,6800,16000,37000,400
358.0,20.98,10350500,176802152.04,20.95,20.94,20.93,20.92,20.91,20.9,20.89,20.88,20.87,20.86,20.98,20.99,21.0,21.01,21.02,21.03,21.04,21.05,21.06,21.07,11700,200,4100,1200,16200,53600,16000,29100,2500,6700,4100,28900,61700,14400,400,6800,16500,37000,400,1600
359.0,20.95,10355900,176915367.04,20.95,20.94,20.93,20.92,20.91,20.9,20.89,20.88,20.87,20.86,20.96,20.97,20.98,20.99,21.0,21.01,21.02,21.03,21.04,21.05,11300,200,4100,1200,16200,53600,16000,29100,2500,6700,300,300,3100,41300,48300,12600,400,6800,15900,36600
360.0,20.95,10369200,177194023.04,20.94,20.93,20.92,20.91,20.9,20.89,20.88,20.87,20.86,20.85,20.95,20.96,20.97,20.98,20.99,21.0,21.01,21.02,21.03,21.04,200,4100,1200,16200,54100,16000,30100,2500,6700,25000,4100,2600,1600,3100,39800,44800,12400,400,6800,15900
361.0,20.95,10375300,177321814.04,20.93,20.92,20.91,20.9,20.89,20.88,20.87,20.86,20.85,20.84,20.95,20.96,20.97,20.98,20.99,21.0,21.01,21.02,21.03,21.04,4000,1200,16200,54300,16000,30100,2500,6700,25000,1800,300,4100,1600,3300,40600,44800,10400,400,6800,15900
362.0,20.96,10404300,177929495.04,20.96,20.95,20.94,20.93,20.92,20.91,20.9,20.89,20.88,20.87,20.97,20.98,20.99,21.0,21.01,21.02,21.03,21.04,21.05,21.06,5300,2000,2400,4200,1200,16200,54800,16000,30100,2500,800,3300,40400,43400,10400,400,6800,15900,36600,400
363.0,20.95,10427000,178404723.04,20.93,20.92,20.91,20.9,20.89,20.88,20.87,20.86,20.85,20.84,20.95,20.97,20.98,20.99,21.0,21.01,21.02,21.03,21.04,21.05,100,4100,10600,54800,16000,31600,2500,6700,25000,1800,500,30400,3300,41100,42200,8900,400,6800,13300,36600
364.0,20.95,10433800,178547090.04,20.92,20.91,20.9,20.89,20.88,20.87,20.86,20.85,20.84,20.83,20.94,20.95,20.96,20.97,20.98,20.99,21.0,21.01,21.02,21.03,300,10300,55800,16000,31600,2500,6700,25000,1800,15900,2000,1800,900,30700,3300,41100,42600,8900,400,6800
365.0,20.92,10441700,178712333.04,20.91,20.9,20.89,20.88,20.87,20.86,20.85,20.84,20.83,20.82,20.92,20.93,20.94,20.95,20.96,20.97,20.98,20.99,21.0,21.01,7000,56600,16000,31600,2500,6700,25000,1800,15900,13400,12800,6100,2000,11400,5100,33700,3300,41100,42000,8900
366.0,20.93,10465800,179216411.04,20.9,20.89,20.88,20.87,20.86,20.85,20.84,20.83,20.82,20.81,20.93,20.94,20.95,20.96,20.97,20.98,20.99,21.0,21.01,21.02,54500,16000,32100,2500,6700,25000,1800,15900,13400,30600,69200,4600,12700,5100,33700,3300,39400,42400,8900,400
367.0,20.88,10623800,182519412.04,20.89,20.88,20.87,20.86,20.85,20.84,20.83,20.82,20.81,20.8,20.92,20.93,20.94,20.95,20.96,20.97,20.98,20.99,21.0,21.01,20000,5400,2500,6700,25000,1800,15900,13400,30600,108800,600,41100,4700,16300,5100,34400,5700,37900,42900,8900
368.0,20.89,10657300,183219343.04,20.87,20.86,20.85,20.84,20.83,20.82,20.81,20.8,20.79,20.78,20.89,20.9,20.91,20.92,20.93,20.94,20.95,20.96,20.97,20.98,2500,6700,25000,1800,15900,13400,30600,109100,21400,38300,1400,29400,300,7100,43100,11200,19800,5100,33900,5200
369.0,20.9,10660900,183294557.04,20.87,20.86,20.85,20.84,20.83,20.82,20.81,20.8,20.79,20.78,20.9,20.91,20.92,20.93,20.94,20.95,20.96,20.97,20.98,20.99,2300,6700,25000,1800,15900,13400,30600,109200,21400,38300,27700,5200,21900,47100,11300,16400,5100,33900,5200,33500
370.0,20.9,10673500,183557895.04,20.87,20.86,20.85,20.84,20.83,20.82,20.81,20.8,20.79,20.78,20.89,20.9,20.91,20.92,20.93,20.94,20.95,20.96,20.97,20.98,2300,6700,25000,1800,15900,13400,30600,109200,21400,38300,100,69900,10100,30400,47200,9300,16400,5500,33900,5200
371.0,20.87,10679000,183672720.04,20.86,20.85,20.84,20.83,20.82,20.81,20.8,20.79,20.78,20.77,20.87,20.88,20.9,20.91,20.92,20.93,20.94,20.95,20.96,20.97,6700,25200,1800,15900,13500,31600,119200,21400,38300,4600,20600,100,81800,13200,38100,44800,9300,15300,5500,33900
372.0,20.87,10686600,183831320.04,20.86,20.85,20.84,20.83,20.82,20.81,20.8,20.79,20.78,20.77,20.87,20.88,20.89,20.9,20.91,20.92,20.93,20.94,20.95,20.96,5500,25400,1800,15900,13500,31600,119200,21400,38300,4600,19300,100,1600,110500,13200,41300,43800,9300,14200,5500
373.0,20.93,10952000,189380950.04,20.93,20.92,20.91,20.9,20.89,20.87,20.86,20.85,20.84,20.83,20.95,20.96,20.97,20.98,20.99,21.0,21.01,21.02,21.03,21.04,23500,22400,15100,25300,400,20300,5500,24400,1800,15900,9000,5500,33900,5200,33100,38300,3600,400,6800,13300
374.0,20.94,11012400,190646851.04,20.94,20.93,20.92,20.91,20.9,20.89,20.87,20.86,20.85,20.84,20.98,20.99,21.0,21.01,21.02,21.03,21.04,21.05,21.06,21.07,38400,24600,22800,15600,25300,400,2800,5500,24400,1800,5200,33100,40300,3500,400,6800,13300,36600,400,1600
375.0,20.96,11138100,193281530.04,20.96,20.95,20.94,20.93,20.92,20.91,20.9,20.89,20.87,20.86,20.98,20.99,21.0,21.01,21.02,21.03,21.04,21.05,21.06,21.07,400,4800,62300,24700,22800,21200,30300,400,3800,5500,16200,33100,40300,3500,400,6800,13300,36600,400,1600
376.0,20.94,11209800,194785336.04,20.94,20.93,20.92,20.91,20.9,20.89,20.88,20.87,20.86,20.85,20.99,21.0,21.01,21.02,21.03,21.04,21.05,21.06,21.07,21.08,51400,25700,22800,22600,36100,400,500,3800,5500,24600,1300,40300,3500,400,6800,13300,36600,400,1600,4500
377.0,20.94,11247100,195567410.04,20.94,20.93,20.92,20.91,20.9,20.89,20.88,20.87,20.86,20.85,20.99,21.0,21.01,21.02,21.03,21.04,21.05,21.06,21.07,21.08,102700,25700,42400,24600,42100,600,500,6000,5500,24700,39000,40300,9700,100,6800,13300,32400,400,1600,4500
378.0,20.94,11291400,196495146.04,20.94,20.93,20.92,20.91,20.9,20.89,20.88,20.87,20.86,20.85,20.99,21.0,21.01,21.02,21.03,21.04,21.05,21.06,21.07,21.08,63800,25800,42400,24800,44800,600,500,7400,6000,24700,38700,40300,9700,100,6400,13300,32400,400,1600,4500
379.0,20.94,11311500,196916100.04,20.94,20.93,20.92,20.91,20.9,20.89,20.88,20.87,20.86,20.85,20.99,21.0,21.01,21.02,21.03,21.04,21.05,21.06,21.07,21.08,89500,35100,45500,25600,46800,1700,1100,7400,6000,24700,82100,40300,9700,100,6100,13300,32400,400,1600,4500
380.0,20.98,11335300,197414649.04,20.98,20.94,20.93,20.92,20.91,20.9,20.89,20.88,20.87,20.86,20.99,21.0,21.01,21.02,21.03,21.04,21.05,21.06,21.07,21.08,1400,70100,37900,46300,25800,50200,1700,1200,7400,6000,79500,40400,9700,100,6100,13300,32400,400,1600,4500
381.0,20.96,11340000,197513167.04,20.96,20.94,20.93,20.92,20.91,20.9,20.89,20.88,20.87,20.86,20.99,21.0,21.01,21.02,21.03,21.04,21.05,21.06,21.07,21.08,500,80300,38000,46300,25800,50900,1700,1200,7400,6000,91000,40400,9700,100,6100,13300,32400,400,1600,4500
382.0,20.95,11352800,197781768.04,20.95,20.94,20.93,20.92,20.91,20.9,20.89,20.88,20.87,20.86,20.99,21.0,21.01,21.03,21.04,21.05,21.06,21.07,21.08,21.09,2700,80300,38000,46300,28600,55800,1800,2900,7400,6500,80100,40400,9700,6100,13300,32400,400,1600,4500,2500
383.0,20.98,11361600,197966369.04,20.97,20.96,20.95,20.94,20.93,20.92,20.91,20.9,20.89,20.88,20.99,21.0,21.01,21.02,21.03,21.04,21.05,21.06,21.07,21.08,600,6400,30700,80300,40500,46300,30900,57600,1800,2900,103300,46200,9800,1400,700,13300,32400,1900,1600,4500
384.0,20.99,11387000,198498828.04,20.97,20.95,20.94,20.93,20.92,20.91,20.9,20.89,20.88,20.87,20.99,21.0,21.01,21.02,21.03,21.04,21.05,21.06,21.07,21.08,100,19900,80700,46200,45700,31000,58600,1900,4000,7400,96700,47500,9800,1400,700,13300,32400,1900,1600,4500
385.0,20.99,11390900,198580632.04,20.98,20.96,20.95,20.94,20.93,20.92,20.91,20.9,20.89,20.88,20.99,21.0,21.01,21.02,21.03,21.04,21.05,21.06,21.07,21.08,2200,200,18600,80700,44600,45700,31000,61500,2400,4000,94300,49300,9800,1400,700,13300,32400,1900,1600,4500
386.0,20.99,11403400,198843002.04,20.98,20.96,20.95,20.94,20.93,20.92,20.91,20.9,20.89,20.88,20.99,21.0,21.01,21.02,21.04,21.05,21.06,21.07,21.08,21.09,1700,200,21200,80700,45400,49200,30700,63700,2400,4000,82300,50200,9800,1800,3300,32400,1900,1600,4500,2500
387.0,20.97,11409600,198973119.04,20.97,20.96,20.95,20.94,20.93,20.92,20.91,20.9,20.89,20.88,20.99,21.0,21.01,21.02,21.04,21.05,21.06,21.07,21.08,21.09,1200,200,23200,80700,45200,56900,30700,65300,2400,4600,78000,51600,9800,1800,3300,32100,1900,1600,4500,2500
388.0,20.98,11423900,199273151.04,20.97,20.96,20.95,20.94,20.93,20.92,20.91,20.9,20.89,20.88,20.98,20.99,21.0,21.01,21.02,21.04,21.05,21.06,21.07,21.08,500,300,21400,80700,45500,56900,29500,65000,2400,4600,200,68600,65300,9800,1800,3300,32100,1900,1600,4500
389.0,20.99,11446300,199743190.04,20.98,20.96,20.95,20.94,20.93,20.92,20.91,20.9,20.89,20.88,20.99,21.0,21.01,21.02,21.04,21.05,21.06,21.07,21.08,21.09,400,2000,18600,85300,50300,57700,17200,65900,2400,4900,50100,72600,10100,1800,3300,32100,1900,1600,4500,2500
390.0,20.95,11456300,199953006.04,20.95,20.94,20.93,20.92,20.91,20.9,20.89,20.88,20.87,20.86,20.99,21.0,21.01,21.02,21.04,21.05,21.06,21.07,21.08,21.09,21400,85300,50300,57700,17400,67100,2400,5000,9400,6600,43000,75600,10100,1800,3300,32100,1900,1600,4500,2500
391.0,20.99,11475900,200363840.04,20.98,20.97,20.96,20.95,20.94,20.93,20.92,20.91,20.9,20.89,20.99,21.0,21.01,21.02,21.04,21.05,21.06,21.07,21.08,21.09,800,2100,300,8100,85300,50600,60700,17900,71500,2400,37700,78400,10100,1800,3500,32100,1900,1600,4500,2500
