LocalTime,LastPrice,TradeVolume,TradeValue,BidPrice1,BidPrice2,BidPrice3,BidPrice4,BidPrice5,BidPrice6,BidPrice7,BidPrice8,BidPrice9,BidPriceA,AskPrice1,AskPrice2,AskPrice3,AskPrice4,AskPrice5,AskPrice6,AskPrice7,AskPrice8,AskPrice9,AskPriceA,BidVolume1,BidVolume2,BidVolume3,BidVolume4,BidVolume5,BidVolume6,BidVolume7,BidVolume8,BidVolume9,BidVolumeA,AskVolume1,AskVolume2,AskVolume3,AskVolume4,AskVolume5,AskVolume6,AskVolume7,AskVolume8,AskVolume9,AskVolumeA
0.0,8.8,6200,54560.0,8.75,8.74,8.72,8.7,8.69,8.66,8.63,8.62,8.61,8.6,8.8,8.85,8.86,8.87,8.88,8.9,8.93,8.96,8.98,8.99,33500,200,2000,1000,100,1700,200,2000,5800,2300,600,1000,1500,20000,6500,1800,300,2000,600,1900
1.0,8.8,6200,54560.0,8.76,8.75,8.74,8.72,8.7,8.69,8.66,8.63,8.62,8.61,8.8,8.83,8.85,8.86,8.87,8.88,8.9,8.93,8.96,8.98,1400,33500,200,2000,1800,100,1700,200,2000,5800,600,1000,1000,1500,20000,7100,1800,300,2000,600
2.0,8.8,6200,54560.0,8.76,8.75,8.74,8.72,8.7,8.69,8.68,8.66,8.65,8.63,8.8,8.83,8.85,8.86,8.87,8.88,8.9,8.93,8.96,8.98,1400,33500,200,2000,2100,100,100,1700,100,200,600,1000,1000,2000,20000,7100,1800,300,2000,800
3.0,8.8,6200,54560.0,8.76,8.75,8.74,8.72,8.7,8.69,8.68,8.67,8.66,8.65,8.8,8.83,8.84,8.85,8.86,8.87,8.88,8.9,8.93,8.96,1400,33500,200,2000,2100,100,100,700,1700,100,600,1000,800,1900,2000,20000,9200,1800,300,2000
4.0,8.8,6200,54560.0,8.76,8.75,8.74,8.72,8.7,8.69,8.68,8.67,8.66,8.65,8.8,8.83,8.84,8.85,8.86,8.87,8.88,8.9,8.93,8.96,3500,33500,200,2000,2100,100,100,700,1700,100,600,1000,800,1900,2000,26200,9200,1800,300,2000
5.0,8.8,9000,79100.0,8.76,8.75,8.74,8.72,8.7,8.69,8.68,8.67,8.66,8.65,8.8,8.83,8.84,8.85,8.86,8.87,8.88,8.9,8.93,8.96,900,33500,200,2000,3100,100,100,700,1700,100,300,1000,5000,4900,2000,26200,9200,1800,300,2000
6.0,8.8,9000,79100.0,8.76,8.75,8.74,8.72,8.7,8.69,8.68,8.67,8.66,8.65,8.8,8.83,8.84,8.85,8.86,8.87,8.88,8.9,8.93,8.96,900,33500,200,2000,3100,100,100,700,1700,100,5300,1000,5500,4900,2000,26200,9200,1800,300,2000
7.0,8.79,12000,105471.0,8.77,8.76,8.75,8.74,8.72,8.7,8.69,8.68,8.67,8.66,8.79,8.8,8.83,8.84,8.85,8.86,8.87,8.88,8.9,8.93,100,900,33500,200,2000,3100,100,100,700,1700,2200,5200,1000,5500,21400,2000,26200,11200,1800,300
8.0,8.79,12600,110745.0,8.77,8.76,8.75,8.74,8.72,8.7,8.69,8.68,8.67,8.66,8.79,8.8,8.83,8.84,8.85,8.86,8.87,8.88,8.89,8.9,100,900,33500,200,2000,3100,5100,100,700,1700,1600,14300,1000,5500,22100,2000,26200,11200,400,1800
9.0,8.79,12600,110745.0,8.77,8.76,8.75,8.74,8.72,8.7,8.69,8.68,8.67,8.66,8.79,8.8,8.83,8.84,8.85,8.86,8.87,8.88,8.89,8.9,100,1900,36000,200,2000,4100,5100,100,700,1700,1600,14300,1000,7900,22100,2000,26200,11200,400,1800
10.0,8.79,12600,110745.0,8.77,8.76,8.75,8.74,8.72,8.7,8.69,8.68,8.67,8.66,8.79,8.8,8.83,8.84,8.85,8.86,8.87,8.88,8.89,8.9,100,1900,36000,200,2000,4100,5100,100,700,1700,1600,14300,1000,7900,22100,3000,26200,11200,400,1800
11.0,8.76,15000,131773.0,8.75,8.74,8.72,8.7,8.69,8.68,8.67,8.66,8.65,8.63,8.76,8.77,8.78,8.79,8.8,8.83,8.84,8.85,8.86,8.87,36000,200,2000,4100,5100,100,700,1700,100,200,100,700,700,10200,14300,1000,7900,22100,3000,26200
12.0,8.76,16400,144036.0,8.76,8.75,8.74,8.72,8.7,8.69,8.68,8.67,8.66,8.65,8.77,8.79,8.8,8.83,8.84,8.85,8.86,8.87,8.88,8.89,3000,35800,200,2000,4100,5100,100,700,1700,100,600,1500,14300,1000,7900,22100,3000,26200,11200,400
13.0,8.76,18500,162434.0,8.76,8.75,8.74,8.72,8.7,8.69,8.68,8.67,8.66,8.65,8.77,8.79,8.8,8.83,8.84,8.85,8.86,8.87,8.88,8.89,1900,36100,200,2000,4100,5100,100,700,1700,100,300,1500,14300,1000,7900,22100,3000,26200,11200,400
14.0,8.77,19500,171203.0,8.77,8.76,8.75,8.74,8.72,8.7,8.69,8.68,8.67,8.66,8.79,8.8,8.83,8.84,8.85,8.86,8.87,8.88,8.89,8.9,1600,2000,36100,200,2000,4100,5100,100,700,1700,1500,14300,1000,7900,22100,3000,26200,11200,400,1800
15.0,8.79,21600,189650.0,8.77,8.76,8.75,8.74,8.72,8.7,8.69,8.68,8.67,8.66,8.8,8.83,8.84,8.85,8.86,8.87,8.88,8.89,8.9,8.93,1500,1900,36100,200,2000,4100,5100,100,700,1700,14300,1000,7900,22100,3000,26200,11200,400,1800,300
16.0,8.8,22100,194049.0,8.79,8.78,8.77,8.76,8.75,8.74,8.72,8.7,8.69,8.68,8.8,8.83,8.84,8.85,8.86,8.87,8.88,8.89,8.9,8.93,200,8700,600,1800,35900,200,2000,4100,5100,100,13900,1000,7900,22100,3000,26200,11200,400,1800,300
17.0,8.8,23600,207241.0,8.79,8.78,8.77,8.76,8.75,8.74,8.72,8.7,8.69,8.68,8.8,8.83,8.84,8.85,8.86,8.87,8.88,8.89,8.9,8.93,1100,8400,100,1800,35900,200,2000,4100,5100,100,12900,1000,7900,22100,3000,26200,11200,400,1800,300
18.0,8.8,23600,207241.0,8.79,8.78,8.77,8.76,8.75,8.74,8.72,8.7,8.69,8.68,8.8,8.83,8.84,8.85,8.86,8.87,8.88,8.89,8.9,8.93,1100,8400,200,1600,35900,200,2000,4100,5100,100,12900,1000,7900,22100,3000,26200,11200,400,1800,300
19.0,8.8,24300,213401.0,8.79,8.78,8.77,8.76,8.75,8.74,8.72,8.7,8.69,8.68,8.8,8.83,8.84,8.85,8.86,8.87,8.88,8.89,8.9,8.93,1100,8400,200,4100,35900,200,2000,4100,5100,100,12200,1000,7900,22100,3000,26200,11200,400,1800,300
20.0,8.8,24400,214281.0,8.79,8.78,8.77,8.76,8.75,8.74,8.72,8.7,8.69,8.68,8.8,8.83,8.84,8.85,8.86,8.87,8.88,8.89,8.9,8.93,1100,8400,200,4100,35900,200,2000,4100,5100,100,12100,1000,7900,22100,3000,26200,11200,400,1800,300
21.0,8.8,24400,214281.0,8.79,8.78,8.77,8.76,8.75,8.74,8.72,8.7,8.69,8.68,8.8,8.83,8.84,8.85,8.86,8.87,8.88,8.89,8.9,8.93,1300,8400,200,4100,35800,200,2000,4100,5100,100,12100,1000,7900,22100,3000,26200,11200,400,1800,300
22.0,8.8,24400,214281.0,8.79,8.78,8.77,8.76,8.75,8.74,8.72,8.7,8.69,8.68,8.8,8.83,8.84,8.85,8.86,8.87,8.88,8.89,8.9,8.93,300,8400,200,4100,35800,200,2000,4100,5100,100,12100,1000,7900,22100,3000,26200,11200,400,1800,300
23.0,8.79,24600,216039.0,8.79,8.78,8.77,8.76,8.75,8.74,8.72,8.7,8.69,8.68,8.8,8.83,8.84,8.85,8.86,8.87,8.88,8.89,8.9,8.93,4700,8400,200,4100,35800,200,2000,4100,5100,100,12100,1000,7900,22100,3000,26200,11200,400,1800,300
24.0,8.79,24700,216918.0,8.79,8.78,8.77,8.76,8.75,8.74,8.72,8.7,8.69,8.68,8.8,8.83,8.84,8.85,8.86,8.87,8.88,8.89,8.9,8.93,4600,8400,200,4100,35800,200,2000,4100,5100,100,12100,1000,7900,22100,3000,26200,11200,400,1800,300
25.0,8.79,24700,216918.0,8.79,8.78,8.77,8.76,8.75,8.74,8.72,8.7,8.69,8.68,8.8,8.83,8.84,8.85,8.86,8.87,8.88,8.89,8.9,8.93,4600,8400,200,4100,35800,200,2000,4100,5100,100,12100,1000,7900,22100,3000,26200,11200,400,1800,300
26.0,8.79,25000,219555.0,8.79,8.78,8.77,8.76,8.75,8.74,8.72,8.7,8.69,8.68,8.8,8.81,8.83,8.84,8.85,8.86,8.87,8.88,8.89,8.9,4300,8400,200,4100,35800,200,2000,4100,5100,100,12100,300,1000,7900,22100,3000,26200,11200,400,1800
27.0,8.79,25000,219555.0,8.79,8.78,8.77,8.76,8.75,8.74,8.72,8.7,8.69,8.68,8.8,8.81,8.83,8.84,8.85,8.86,8.87,8.88,8.89,8.9,4300,8400,200,4100,2500,200,2000,4100,5100,100,12100,300,2000,7900,22100,3000,26200,11200,400,1800
28.0,8.79,25000,219555.0,8.79,8.78,8.77,8.76,8.75,8.74,8.72,8.7,8.69,8.68,8.8,8.81,8.83,8.84,8.85,8.86,8.87,8.88,8.89,8.9,4300,8400,200,4100,2500,200,2000,4100,5100,100,12100,300,2000,7900,22100,3000,26200,11200,400,1800
29.0,8.78,29900,262620.0,8.78,8.77,8.76,8.75,8.74,8.72,8.7,8.69,8.68,8.67,8.79,8.8,8.81,8.83,8.84,8.85,8.86,8.87,8.88,8.89,7800,100,4100,2500,200,2000,4100,5100,100,8500,1500,14300,300,2000,7900,22100,3000,26200,11200,400
30.0,8.78,31300,274913.0,8.78,8.77,8.76,8.75,8.74,8.72,8.7,8.69,8.68,8.67,8.79,8.8,8.81,8.83,8.84,8.85,8.86,8.87,8.88,8.89,6500,100,4100,2500,200,2000,4100,5100,100,8500,1400,14300,300,2000,7900,22100,3000,26200,11200,400
31.0,8.78,32100,281937.0,8.78,8.77,8.76,8.75,8.74,8.72,8.7,8.69,8.68,8.67,8.79,8.8,8.81,8.83,8.84,8.85,8.86,8.87,8.88,8.89,5800,100,4100,2500,200,2000,4100,5100,100,8500,1400,14300,300,2000,6400,22100,3000,26200,11200,400
32.0,8.78,32500,285449.0,8.78,8.77,8.76,8.75,8.74,8.72,8.7,8.69,8.68,8.67,8.79,8.8,8.81,8.83,8.84,8.85,8.86,8.87,8.88,8.89,5400,100,4100,2500,200,2000,4100,5100,100,8500,7400,12100,300,2000,6400,22100,3000,26200,11200,400
33.0,8.78,32500,285449.0,8.78,8.77,8.76,8.75,8.74,8.72,8.7,8.69,8.68,8.67,8.79,8.8,8.81,8.83,8.84,8.85,8.86,8.87,8.88,8.89,5400,100,5100,2500,200,2000,4100,5100,100,8500,7700,12100,300,2000,6400,22100,3000,26200,11200,400
34.0,8.79,40200,353132.0,8.79,8.78,8.77,8.76,8.75,8.74,8.72,8.7,8.69,8.68,8.8,8.81,8.83,8.84,8.85,8.86,8.87,8.88,8.89,8.9,8100,5400,100,5100,2500,200,2000,4100,5100,100,12100,300,2000,6400,22100,3000,26200,11200,400,1800
35.0,8.79,40200,353132.0,8.79,8.78,8.77,8.76,8.75,8.74,8.72,8.7,8.69,8.68,8.8,8.81,8.83,8.84,8.85,8.86,8.87,8.88,8.89,8.9,8100,5700,100,5100,3500,200,2000,4400,5100,100,12100,300,2000,6400,22100,3000,26200,11200,400,1800
36.0,8.79,40200,353132.0,8.79,8.78,8.77,8.76,8.75,8.74,8.72,8.7,8.69,8.68,8.8,8.81,8.83,8.84,8.85,8.86,8.87,8.88,8.89,8.9,8100,5700,100,5100,3500,200,2000,4400,5100,100,12100,300,2000,6400,22100,3000,26200,11200,400,1800
37.0,8.79,40200,353132.0,8.79,8.78,8.77,8.76,8.75,8.74,8.72,8.7,8.69,8.68,8.8,8.81,8.83,8.84,8.85,8.86,8.87,8.88,8.89,8.9,8100,5700,100,5100,3500,200,2000,4400,5100,100,12100,300,2000,6400,22100,3000,26200,11200,400,1800
38.0,8.79,40200,353132.0,8.79,8.78,8.77,8.76,8.75,8.74,8.72,8.7,8.69,8.68,8.8,8.81,8.83,8.84,8.85,8.86,8.87,8.88,8.89,8.9,8100,5700,100,5100,3500,200,2000,4400,5100,100,12100,300,2000,6400,22100,3000,26200,11200,400,1800
39.0,8.79,40200,353132.0,8.79,8.78,8.77,8.76,8.75,8.74,8.72,8.7,8.69,8.68,8.8,8.81,8.83,8.84,8.85,8.86,8.87,8.88,8.89,8.9,8100,5700,100,5100,3500,200,2000,4400,5100,100,12100,300,2000,6400,22100,3000,26200,11200,400,1800
40.0,8.79,40200,353132.0,8.79,8.78,8.77,8.76,8.75,8.74,8.72,8.7,8.69,8.68,8.8,8.81,8.83,8.84,8.85,8.86,8.87,8.88,8.89,8.9,8100,5700,100,5100,3500,200,2000,4400,5100,100,12100,300,2000,6400,22100,3000,26200,11200,400,1800
41.0,8.79,40200,353132.0,8.79,8.78,8.77,8.76,8.75,8.74,8.72,8.7,8.69,8.68,8.8,8.81,8.83,8.84,8.85,8.86,8.87,8.88,8.89,8.9,8100,5700,100,5100,3500,200,2000,4400,5100,100,12100,300,2000,6400,22100,3000,26200,11200,400,1800
42.0,8.79,40200,353132.0,8.79,8.78,8.77,8.76,8.75,8.74,8.72,8.7,8.69,8.68,8.8,8.81,8.83,8.84,8.85,8.86,8.87,8.88,8.89,8.9,8100,5700,100,5100,3500,200,2000,4400,5100,100,12100,300,2000,6400,22100,3000,26200,11200,400,1800
43.0,8.79,40200,353132.0,8.79,8.78,8.77,8.76,8.75,8.74,8.72,8.7,8.69,8.68,8.8,8.81,8.83,8.84,8.85,8.86,8.87,8.88,8.89,8.9,8100,5700,100,5100,3500,200,2000,4400,5100,100,12200,300,2000,6400,22100,3000,26200,11200,400,1800
44.0,8.79,40500,355769.0,8.79,8.78,8.77,8.76,8.75,8.74,8.72,8.7,8.69,8.68,8.8,8.81,8.83,8.84,8.85,8.86,8.87,8.88,8.89,8.9,7800,5700,100,5000,3500,200,2000,4100,5100,100,12200,300,2000,6400,22100,3000,26200,11200,400,1800
45.0,8.79,40500,355769.0,8.79,8.78,8.77,8.76,8.75,8.74,8.72,8.7,8.69,8.68,8.8,8.81,8.83,8.84,8.85,8.86,8.87,8.88,8.89,8.9,7800,5700,100,5000,3500,200,2000,4100,5100,100,12200,300,2000,6400,22100,3000,26200,11200,400,1800
46.0,8.79,40600,356648.0,8.79,8.78,8.77,8.76,8.75,8.74,8.72,8.7,8.69,8.68,8.8,8.81,8.83,8.84,8.85,8.86,8.87,8.88,8.89,8.9,7700,5700,100,5000,3500,200,2000,4100,5100,100,12100,300,2000,6400,22100,3000,26200,11200,400,1800
47.0,8.79,40800,358406.0,8.79,8.78,8.77,8.76,8.75,8.74,8.72,8.7,8.69,8.68,8.8,8.81,8.83,8.84,8.85,8.86,8.87,8.88,8.89,8.9,7800,5300,100,5000,3500,200,2000,4100,5100,100,12200,300,2000,6400,22100,3000,26200,11200,400,1800
48.0,8.79,40800,358406.0,8.79,8.78,8.77,8.76,8.75,8.74,8.72,8.7,8.69,8.68,8.8,8.81,8.83,8.84,8.85,8.86,8.87,8.88,8.89,8.9,7800,5500,100,5000,3500,200,2000,4100,5100,100,12200,300,2000,6400,22100,3000,26200,11200,400,1800
49.0,8.79,40800,358406.0,8.79,8.78,8.77,8.76,8.75,8.74,8.72,8.7,8.69,8.68,8.8,8.81,8.83,8.84,8.85,8.86,8.87,8.88,8.89,8.9,7800,5500,100,5000,3500,200,2000,4100,5100,100,12200,300,2000,6400,22100,3000,26200,11200,400,1800
50.0,8.79,40800,358406.0,8.79,8.78,8.77,8.76,8.75,8.74,8.72,8.7,8.69,8.68,8.8,8.81,8.83,8.84,8.85,8.86,8.87,8.88,8.89,8.9,7900,5500,200,5000,3500,200,2000,4100,5100,100,12200,300,2000,6400,22100,3000,26200,11200,400,1800
51.0,8.79,40800,358406.0,8.79,8.78,8.77,8.76,8.75,8.74,8.72,8.7,8.69,8.68,8.8,8.81,8.83,8.84,8.85,8.86,8.87,8.88,8.89,8.9,7900,5500,200,5000,3500,200,2000,4100,5100,100,3100,300,2000,6400,22100,3000,26200,11200,400,1800
52.0,8.79,40800,358406.0,8.79,8.78,8.77,8.76,8.75,8.74,8.72,8.7,8.69,8.68,8.8,8.81,8.83,8.84,8.85,8.86,8.87,8.88,8.89,8.9,7900,5500,200,5000,3500,200,2000,4100,5100,100,3100,300,2000,6400,22100,3000,26200,11200,400,1800
53.0,8.79,40800,358406.0,8.79,8.78,8.77,8.76,8.75,8.74,8.72,8.7,8.69,8.68,8.8,8.81,8.83,8.84,8.85,8.86,8.87,8.88,8.89,8.9,8000,5500,200,5000,3500,200,2000,4100,5100,100,3100,300,2000,6400,22100,3000,26200,11200,400,1800
54.0,8.79,40800,358406.0,8.79,8.78,8.77,8.76,8.75,8.74,8.72,8.7,8.69,8.68,8.8,8.81,8.83,8.84,8.85,8.86,8.87,8.88,8.89,8.9,8400,5500,200,5000,3500,200,2000,4100,5100,100,3100,300,2000,6400,22600,3000,26200,11200,400,1800
55.0,8.79,40800,358406.0,8.79,8.78,8.77,8.76,8.75,8.74,8.72,8.7,8.69,8.68,8.8,8.81,8.83,8.84,8.85,8.86,8.87,8.88,8.89,8.9,8400,5500,200,5000,3500,200,2000,4100,5100,100,3100,300,2000,6400,22600,3000,26200,11200,400,1800
56.0,8.79,40900,359285.0,8.79,8.78,8.77,8.76,8.75,8.74,8.72,8.7,8.69,8.68,8.8,8.81,8.83,8.84,8.85,8.86,8.87,8.88,8.89,8.9,8300,5500,200,5000,3500,200,2000,4100,5100,100,3100,300,2000,6400,22600,3000,26200,11200,400,1800
57.0,8.8,41800,367197.0,8.79,8.78,8.77,8.76,8.75,8.74,8.72,8.7,8.69,8.68,8.8,8.81,8.83,8.84,8.85,8.86,8.87,8.88,8.89,8.9,7500,5500,200,5000,3500,200,2000,4100,5100,100,3000,300,2000,6400,22600,3000,26200,11200,400,1800
58.0,8.8,41800,367197.0,8.79,8.78,8.77,8.76,8.75,8.74,8.72,8.7,8.69,8.68,8.8,8.81,8.83,8.84,8.85,8.86,8.87,8.88,8.89,8.9,7500,5500,200,5000,3500,200,2000,4100,5100,100,3000,300,2000,6400,22600,3000,26200,11200,400,1800
59.0,8.8,41800,367197.0,8.79,8.78,8.77,8.76,8.75,8.74,8.72,8.7,8.69,8.68,8.8,8.81,8.83,8.84,8.85,8.86,8.87,8.88,8.89,8.9,7500,5500,200,5000,3500,200,2000,4100,5100,100,3000,300,2000,6400,22600,3000,26200,11200,400,1800
60.0,8.79,42500,373350.0,8.79,8.78,8.77,8.76,8.75,8.74,8.72,8.7,8.69,8.68,8.8,8.81,8.83,8.84,8.85,8.86,8.87,8.88,8.89,8.9,6800,5500,200,5000,3500,200,2000,4100,5100,100,3000,300,2000,6400,22600,3000,26200,11200,400,1800
61.0,8.79,42500,373350.0,8.79,8.78,8.77,8.76,8.75,8.74,8.72,8.7,8.69,8.68,8.8,8.81,8.83,8.84,8.85,8.86,8.87,8.88,8.89,8.9,6800,5500,200,5000,3500,200,2000,4100,5100,100,3000,300,2000,6400,22600,3000,26200,11200,400,1800
62.0,8.79,42500,373350.0,8.79,8.78,8.77,8.76,8.75,8.74,8.72,8.7,8.69,8.68,8.8,8.81,8.83,8.84,8.85,8.86,8.87,8.88,8.89,8.9,900,5500,200,5000,3500,200,2000,4100,5100,100,3000,300,2000,6400,22600,3000,26200,11200,400,1800
63.0,8.79,42500,373350.0,8.79,8.78,8.77,8.76,8.75,8.74,8.72,8.7,8.69,8.68,8.8,8.81,8.83,8.84,8.85,8.86,8.87,8.88,8.89,8.9,900,5500,200,5000,3500,200,2000,4100,5100,100,3000,300,2000,6400,22600,3000,26200,11200,400,1800
64.0,8.79,42500,373350.0,8.79,8.78,8.77,8.76,8.75,8.74,8.72,8.7,8.69,8.68,8.8,8.81,8.83,8.84,8.85,8.86,8.87,8.88,8.89,8.9,900,5500,200,5000,3500,200,2000,4100,5100,100,3000,300,2000,6400,22600,3000,26200,11200,400,1800
65.0,8.8,47200,414708.0,8.79,8.78,8.77,8.76,8.75,8.74,8.72,8.7,8.69,8.68,8.81,8.83,8.84,8.85,8.86,8.87,8.88,8.89,8.9,8.93,700,5500,200,5000,3500,200,2000,4100,5100,100,300,2000,6400,22600,3000,26200,11200,400,1800,300
66.0,8.81,49900,438496.0,8.79,8.78,8.77,8.76,8.75,8.74,8.72,8.7,8.69,8.68,8.81,8.82,8.83,8.84,8.85,8.86,8.87,8.88,8.89,8.9,700,5500,100,5000,3500,200,2000,4100,5100,100,100,4800,2000,6400,22600,3000,26200,11200,400,1800
67.0,8.81,50400,442901.0,8.8,8.79,8.78,8.77,8.76,8.75,8.74,8.72,8.7,8.69,8.81,8.82,8.83,8.84,8.85,8.86,8.87,8.88,8.89,8.9,2000,1000,5500,100,5000,3500,200,2000,4100,5100,200,4800,2000,6400,22600,3000,26200,11200,400,1800
68.0,8.8,53100,466667.0,8.79,8.78,8.77,8.76,8.75,8.74,8.72,8.7,8.69,8.68,8.8,8.81,8.82,8.83,8.84,8.85,8.86,8.87,8.88,8.89,400,5500,100,5000,3500,200,2000,4100,5100,100,3200,200,5000,2000,6400,22600,3000,26200,11200,400
69.0,8.8,53500,470187.0,8.79,8.78,8.77,8.76,8.75,8.74,8.72,8.7,8.69,8.68,8.8,8.81,8.82,8.83,8.84,8.85,8.86,8.87,8.88,8.89,400,5500,100,5000,3500,200,2000,4100,5100,100,2800,200,5000,2000,6400,22600,3000,26200,11200,400
70.0,8.8,53500,470187.0,8.79,8.78,8.77,8.76,8.75,8.74,8.72,8.7,8.69,8.68,8.8,8.81,8.82,8.83,8.84,8.85,8.86,8.87,8.88,8.89,400,5500,100,5000,3500,200,2000,4100,5100,100,2800,200,5000,2000,6400,22600,3000,26200,11200,400
71.0,8.8,53500,470187.0,8.79,8.78,8.77,8.76,8.75,8.74,8.72,8.7,8.69,8.68,8.8,8.81,8.82,8.83,8.84,8.85,8.86,8.87,8.88,8.89,400,5500,100,5000,3500,200,2000,4100,5100,100,2800,100,5000,2000,6400,22600,3000,26200,11200,400
72.0,8.8,53500,470187.0,8.79,8.78,8.77,8.76,8.75,8.74,8.72,8.7,8.69,8.68,8.8,8.81,8.82,8.83,8.84,8.85,8.86,8.87,8.88,8.89,400,5500,100,5000,3500,200,2000,4100,5100,100,2800,100,5000,2000,6400,19600,3000,26200,11200,400
73.0,8.8,53500,470187.0,8.79,8.78,8.77,8.76,8.75,8.74,8.72,8.7,8.69,8.68,8.8,8.81,8.82,8.83,8.84,8.85,8.86,8.87,8.88,8.89,400,5500,100,5000,3500,200,2000,4100,5100,100,2800,100,5000,2000,6400,19600,3000,24200,11200,400
74.0,8.8,53600,471067.0,8.79,8.78,8.77,8.76,8.75,8.74,8.72,8.7,8.69,8.68,8.8,8.81,8.82,8.83,8.84,8.85,8.86,8.87,8.88,8.89,400,5500,100,5000,3500,200,2000,4100,5100,100,11900,100,5000,2000,6400,19600,3000,24200,11200,400
75.0,8.8,53600,471067.0,8.79,8.78,8.77,8.76,8.75,8.74,8.72,8.7,8.69,8.68,8.8,8.81,8.82,8.83,8.84,8.85,8.86,8.87,8.88,8.89,400,5500,100,5000,3500,200,2000,4100,5100,100,11900,1600,5000,2000,6400,19600,3000,24200,11200,400
76.0,8.8,53600,471067.0,8.79,8.78,8.77,8.76,8.75,8.74,8.72,8.7,8.69,8.68,8.8,8.81,8.82,8.83,8.84,8.85,8.86,8.87,8.88,8.89,400,5500,100,5000,3500,200,2000,4100,5100,100,9200,1600,5000,2000,6400,19600,3000,24200,11200,400
77.0,8.8,53600,471067.0,8.79,8.78,8.77,8.76,8.75,8.74,8.72,8.7,8.69,8.68,8.8,8.81,8.82,8.83,8.84,8.85,8.86,8.87,8.88,8.89,400,5500,100,5000,3500,200,2000,4100,5100,100,9600,1600,4800,2000,6400,19600,3000,24200,11200,400
78.0,8.8,53600,471067.0,8.79,8.78,8.77,8.76,8.75,8.74,8.72,8.7,8.69,8.68,8.8,8.81,8.82,8.83,8.84,8.85,8.86,8.87,8.88,8.89,400,5500,100,5000,3500,200,2000,4100,5100,100,9600,1600,4800,2000,6400,19600,3000,24200,11200,400
79.0,8.8,53600,471067.0,8.79,8.78,8.77,8.76,8.75,8.74,8.72,8.7,8.69,8.68,8.8,8.81,8.82,8.83,8.84,8.85,8.86,8.87,8.88,8.89,400,5500,100,5000,1000,200,2000,3300,5100,100,9600,1600,4800,2000,6400,19600,3000,24200,11200,400
80.0,8.79,54000,474583.0,8.78,8.77,8.76,8.75,8.74,8.72,8.7,8.69,8.68,8.67,8.79,8.8,8.81,8.82,8.83,8.84,8.85,8.86,8.87,8.88,5500,100,5000,1000,200,2000,3300,5100,100,7800,500,9600,1600,4800,2000,6400,19600,3000,24200,11200
81.0,8.79,54000,474583.0,8.78,8.77,8.76,8.75,8.74,8.72,8.7,8.69,8.68,8.67,8.79,8.8,8.81,8.82,8.83,8.84,8.85,8.86,8.87,8.88,5500,100,5000,1000,200,2000,3300,5100,100,7800,600,9600,1600,4800,2000,6400,19600,3000,24200,11200
82.0,8.79,54000,474583.0,8.78,8.77,8.76,8.75,8.74,8.72,8.7,8.69,8.68,8.67,8.79,8.8,8.81,8.82,8.83,8.84,8.85,8.86,8.87,8.88,5600,100,5000,1000,200,2000,3300,5100,100,7800,700,9600,1600,4800,2000,6400,19600,3000,24200,11200
83.0,8.78,54500,478973.0,8.78,8.77,8.76,8.75,8.74,8.72,8.7,8.69,8.68,8.67,8.79,8.8,8.81,8.82,8.83,8.84,8.85,8.86,8.87,8.88,5100,100,5000,1000,200,2000,3300,5100,100,7800,700,10100,1600,4800,2000,6400,19600,3000,24200,11200
84.0,8.78,54500,478973.0,8.78,8.77,8.76,8.75,8.74,8.72,8.7,8.69,8.68,8.67,8.79,8.8,8.81,8.82,8.83,8.84,8.85,8.86,8.87,8.88,5100,100,5000,1000,200,2000,3300,5100,100,7800,700,10100,1600,4800,2000,6400,19600,3000,24200,11200
85.0,8.78,54500,478973.0,8.78,8.77,8.76,8.75,8.74,8.72,8.7,8.69,8.68,8.67,8.79,8.8,8.81,8.82,8.83,8.84,8.85,8.86,8.87,8.88,5200,100,5000,1000,200,2000,3300,5100,100,7800,800,10100,1600,4800,2000,6400,19600,3000,24200,11200
86.0,8.78,55000,483363.0,8.78,8.77,8.76,8.75,8.74,8.72,8.7,8.69,8.68,8.67,8.79,8.8,8.81,8.82,8.83,8.84,8.85,8.86,8.87,8.88,4700,100,5000,1000,200,2000,3300,5100,100,7800,800,10100,1600,4800,2000,6400,19600,3000,24200,11200
87.0,8.78,55000,483363.0,8.78,8.77,8.76,8.75,8.74,8.72,8.7,8.69,8.68,8.67,8.79,8.8,8.81,8.82,8.83,8.84,8.85,8.86,8.87,8.88,4800,100,5000,1000,200,2000,3300,5100,100,7800,900,10100,4600,4800,2000,6400,19600,3000,24200,11200
88.0,8.78,55000,483363.0,8.78,8.77,8.76,8.75,8.74,8.72,8.7,8.69,8.68,8.67,8.79,8.8,8.81,8.82,8.83,8.84,8.85,8.86,8.87,8.88,4800,100,5000,1400,200,2000,3300,5100,100,7800,900,10100,4600,4800,2000,6400,19600,3000,24200,11200
89.0,8.78,55400,486875.0,8.78,8.77,8.76,8.75,8.74,8.72,8.7,8.69,8.68,8.67,8.79,8.8,8.81,8.82,8.83,8.84,8.85,8.86,8.87,8.88,4400,100,5000,1400,200,2000,3300,5100,100,7800,900,10100,4600,4800,2000,6400,19600,3000,24200,11200
90.0,8.78,55400,486875.0,8.78,8.77,8.76,8.75,8.74,8.72,8.7,8.69,8.68,8.67,8.79,8.8,8.81,8.82,8.83,8.84,8.85,8.86,8.87,8.88,4500,100,5000,1400,200,2000,3300,5100,100,7800,1000,10100,4600,4800,2000,6400,19600,3000,24200,11200
91.0,8.78,55400,486875.0,8.78,8.77,8.76,8.75,8.74,8.72,8.7,8.69,8.68,8.67,8.79,8.8,8.81,8.82,8.83,8.84,8.85,8.86,8.87,8.88,4600,100,5000,1400,200,2000,3300,5100,100,7800,1000,10100,4600,4800,2000,6400,19600,3000,24200,11200
92.0,8.79,60900,535216.0,8.78,8.77,8.76,8.75,8.74,8.72,8.7,8.69,8.68,8.67,8.79,8.8,8.81,8.82,8.83,8.84,8.85,8.86,8.87,8.88,4300,100,5000,1400,200,2000,3300,5100,100,7800,100,10100,4600,4800,2000,6400,19600,3000,24200,11200
93.0,8.79,60900,535216.0,8.78,8.77,8.76,8.75,8.74,8.72,8.7,8.69,8.68,8.67,8.79,8.8,8.81,8.82,8.83,8.84,8.85,8.86,8.87,8.88,4300,100,5000,1400,200,2000,3300,5100,100,7800,100,10100,4600,4800,2000,6400,19600,3000,24200,11200
94.0,8.79,60900,535216.0,8.78,8.77,8.76,8.75,8.74,8.72,8.7,8.69,8.68,8.67,8.79,8.8,8.81,8.82,8.83,8.84,8.85,8.86,8.87,8.88,4400,100,5000,1400,200,2000,3300,5100,100,7800,200,10100,3100,4800,2000,6400,19600,3000,24200,11200
95.0,8.79,61500,540486.0,8.79,8.78,8.77,8.76,8.75,8.74,8.72,8.7,8.69,8.68,8.8,8.81,8.82,8.83,8.84,8.85,8.86,8.87,8.88,8.89,600,4000,100,5000,1400,200,2000,3300,5100,100,10100,3100,4800,2000,6400,19600,3000,24200,11200,400
96.0,8.79,61500,540486.0,8.79,8.78,8.77,8.76,8.75,8.74,8.72,8.7,8.69,8.68,8.8,8.81,8.82,8.83,8.84,8.85,8.86,8.87,8.88,8.89,600,4000,100,5000,1400,200,2000,3300,5100,100,10100,3100,4800,2000,6400,19600,3000,24200,11200,400
97.0,8.79,61500,540486.0,8.79,8.78,8.77,8.76,8.75,8.74,8.72,8.7,8.69,8.68,8.8,8.81,8.82,8.83,8.84,8.85,8.86,8.87,8.88,8.89,600,4000,100,5000,1400,5200,2000,3300,5100,100,10100,3100,4800,2000,6400,19600,3000,24200,11200,400
98.0,8.79,61500,540486.0,8.79,8.78,8.77,8.76,8.75,8.74,8.72,8.7,8.69,8.68,8.8,8.81,8.82,8.83,8.84,8.85,8.86,8.87,8.88,8.89,700,4000,100,5000,1400,5200,2000,3300,5100,100,10100,3100,4800,2000,6400,19600,3000,24200,11200,400
99.0,8.79,61500,540486.0,8.79,8.78,8.77,8.76,8.75,8.74,8.72,8.7,8.69,8.68,8.8,8.81,8.82,8.83,8.84,8.85,8.86,8.87,8.88,8.89,700,4000,100,5000,1400,5200,2000,3300,5100,100,10100,3100,4800,2000,6400,19600,3000,24200,11200,400
100.0,8.79,61500,540486.0,8.79,8.78,8.77,8.76,8.75,8.74,8.72,8.7,8.69,8.68,8.8,8.81,8.82,8.83,8.84,8.85,8.86,8.87,8.88,8.89,700,4000,100,5000,1400,5200,2000,3300,5100,100,10100,3100,4800,2000,6400,19600,3000,24200,11200,400
101.0,8.79,61500,540486.0,8.79,8.78,8.77,8.76,8.75,8.74,8.72,8.7,8.69,8.68,8.8,8.81,8.82,8.83,8.84,8.85,8.86,8.87,8.88,8.89,700,4000,100,5000,1400,5200,2000,3300,5100,100,10100,3100,4800,2000,6400,19600,3000,24200,11200,400
102.0,8.79,61600,541365.0,8.79,8.78,8.77,8.76,8.75,8.74,8.72,8.7,8.69,8.68,8.8,8.81,8.82,8.83,8.84,8.85,8.86,8.87,8.88,8.89,600,4000,100,5000,1400,5200,2000,3300,5100,100,10100,3100,4800,2000,5900,19600,3000,24200,11200,400
103.0,8.79,61600,541365.0,8.79,8.78,8.77,8.76,8.75,8.74,8.72,8.7,8.69,8.68,8.8,8.81,8.82,8.83,8.84,8.85,8.86,8.87,8.88,8.89,600,4000,100,5000,1400,5200,2000,3300,5100,100,10100,3100,4800,2000,5900,19600,3000,24200,11200,400
104.0,8.79,61600,541365.0,8.79,8.78,8.77,8.76,8.75,8.74,8.72,8.7,8.69,8.68,8.8,8.81,8.82,8.83,8.84,8.85,8.86,8.87,8.88,8.89,600,4000,100,5000,1400,5200,2000,3300,5100,100,10100,3100,4800,2000,5900,19600,3000,24200,11200,400
105.0,8.79,61600,541365.0,8.79,8.78,8.77,8.76,8.75,8.74,8.72,8.7,8.69,8.68,8.8,8.81,8.82,8.83,8.84,8.85,8.86,8.87,8.88,8.89,600,4000,100,5000,1400,5200,2000,3300,5100,100,10100,3100,4800,2000,5900,19600,3000,24200,11200,400
106.0,8.79,61600,541365.0,8.79,8.78,8.77,8.76,8.75,8.74,8.72,8.7,8.69,8.68,8.8,8.81,8.82,8.83,8.84,8.85,8.86,8.87,8.88,8.89,600,4000,100,5000,1400,5200,2000,3300,5100,100,10100,3100,4800,2000,5900,19600,3000,24200,11200,400
107.0,8.79,61600,541365.0,8.79,8.78,8.77,8.76,8.75,8.74,8.72,8.7,8.69,8.68,8.8,8.81,8.82,8.83,8.84,8.85,8.86,8.87,8.88,8.89,600,4000,100,5000,1400,5200,2000,3300,5100,100,10100,3100,4800,2000,5900,19600,2000,24200,11200,400
108.0,8.79,61600,541365.0,8.79,8.78,8.77,8.76,8.75,8.74,8.72,8.7,8.69,8.68,8.8,8.81,8.82,8.83,8.84,8.85,8.86,8.87,8.88,8.89,600,4000,100,5000,1400,5200,2000,3300,5100,100,10100,3100,4800,2000,5900,19600,2000,24200,11200,400
109.0,8.79,61600,541365.0,8.79,8.78,8.77,8.76,8.75,8.74,8.72,8.7,8.69,8.68,8.8,8.81,8.82,8.83,8.84,8.85,8.86,8.87,8.88,8.89,600,4000,100,5000,1400,5200,2000,3300,5100,100,10100,3100,4800,2000,5900,19600,2000,24200,11200,400
110.0,8.79,61800,543123.0,8.79,8.78,8.77,8.76,8.75,8.74,8.72,8.7,8.69,8.68,8.8,8.81,8.82,8.83,8.84,8.85,8.86,8.87,8.88,8.89,400,4000,100,5000,1400,5200,2000,3300,5100,100,10100,3100,4800,2000,5900,19600,2000,24200,11200,400
111.0,8.79,61800,543123.0,8.79,8.78,8.77,8.76,8.75,8.74,8.72,8.7,8.69,8.68,8.8,8.81,8.82,8.83,8.84,8.85,8.86,8.87,8.88,8.89,400,4000,100,5000,1400,5200,2000,3300,5100,100,10100,3100,4800,2000,5900,19600,2000,24200,11200,400
112.0,8.79,62200,546639.0,8.78,8.77,8.76,8.75,8.74,8.72,8.7,8.69,8.68,8.67,8.79,8.8,8.81,8.82,8.83,8.84,8.85,8.86,8.87,8.88,4000,100,5000,1400,5200,2000,3300,5100,100,7800,1100,10200,3100,4800,2000,5900,19600,2000,24200,11200
113.0,8.79,62200,546639.0,8.78,8.77,8.76,8.75,8.74,8.72,8.7,8.69,8.68,8.67,8.79,8.8,8.81,8.82,8.83,8.84,8.85,8.86,8.87,8.88,4000,100,5000,1400,5200,2000,3300,5100,100,7800,1100,10100,3100,4800,2000,5900,19600,2000,24200,11200
114.0,8.78,63000,553663.0,8.78,8.77,8.76,8.75,8.74,8.72,8.7,8.69,8.68,8.67,8.79,8.8,8.81,8.82,8.83,8.84,8.85,8.86,8.87,8.88,3200,100,5000,1400,5200,2000,3300,5100,100,7800,1100,10100,3100,4800,2000,5900,19600,2000,24200,11200
115.0,8.78,63200,555419.0,8.78,8.77,8.76,8.75,8.74,8.72,8.7,8.69,8.68,8.67,8.79,8.8,8.81,8.82,8.83,8.84,8.85,8.86,8.87,8.88,3100,100,5000,1400,5200,2000,3300,5100,100,7800,1200,10100,3100,4800,2000,5900,19600,2000,24200,11200
116.0,8.78,63200,555419.0,8.78,8.77,8.76,8.75,8.74,8.72,8.7,8.69,8.68,8.67,8.79,8.8,8.81,8.82,8.83,8.84,8.85,8.86,8.87,8.88,3100,100,5000,1400,5200,2000,3300,5100,100,7800,1200,10100,3100,4800,2000,5900,19600,2000,24200,11200
117.0,8.78,63200,555419.0,8.78,8.77,8.76,8.75,8.74,8.72,8.7,8.69,8.68,8.67,8.79,8.8,8.81,8.82,8.83,8.84,8.85,8.86,8.87,8.88,3100,100,5000,1400,5200,2000,3300,5100,100,7800,1200,10100,3100,4800,2000,5900,19600,2000,24200,11200
118.0,8.78,63200,555419.0,8.78,8.77,8.76,8.75,8.74,8.72,8.7,8.69,8.68,8.67,8.79,8.8,8.81,8.82,8.83,8.84,8.85,8.86,8.87,8.88,3200,100,5000,1400,5200,2000,3300,5100,100,7800,1300,10100,3100,4800,2000,5900,19600,2000,24200,11200
119.0,8.78,63200,555419.0,8.78,8.77,8.76,8.75,8.74,8.72,8.7,8.69,8.68,8.67,8.79,8.8,8.81,8.82,8.83,8.84,8.85,8.86,8.87,8.88,3200,100,5000,1400,5200,2000,3300,5100,100,7800,1300,10100,100,4800,2000,5900,19600,2000,24200,11200
120.0,8.78,63200,555419.0,8.78,8.77,8.76,8.75,8.74,8.72,8.7,8.69,8.68,8.67,8.79,8.8,8.81,8.82,8.83,8.84,8.85,8.86,8.87,8.88,3300,100,5000,1400,5200,2000,3300,5100,100,7800,1400,10100,100,4800,2000,5900,19600,2000,24200,11200
121.0,8.78,63200,555419.0,8.78,8.77,8.76,8.75,8.74,8.72,8.7,8.69,8.68,8.67,8.79,8.8,8.81,8.82,8.83,8.84,8.85,8.86,8.87,8.88,3300,100,5000,1400,5200,2000,3300,5100,100,7800,1400,10100,100,4800,2000,5900,19600,2000,24200,11200
122.0,8.78,63200,555419.0,8.78,8.77,8.76,8.75,8.74,8.72,8.7,8.69,8.68,8.67,8.79,8.8,8.81,8.82,8.83,8.84,8.85,8.86,8.87,8.88,3300,100,5000,1400,5200,2000,3300,5100,100,7800,1400,10100,100,4800,2000,5900,19600,2000,24200,11200
123.0,8.78,63200,555419.0,8.78,8.77,8.76,8.75,8.74,8.72,8.7,8.69,8.68,8.67,8.79,8.8,8.81,8.82,8.83,8.84,8.85,8.86,8.87,8.88,3400,100,5000,1400,5200,2000,3300,5100,100,7800,1500,10100,100,4800,2000,5900,19600,3100,24200,11200
124.0,8.78,63200,555419.0,8.78,8.77,8.76,8.75,8.74,8.72,8.7,8.69,8.68,8.67,8.79,8.8,8.81,8.82,8.83,8.84,8.85,8.86,8.87,8.88,3500,100,5000,1400,5200,2000,3300,5100,100,7800,2500,10200,100,4800,2000,5900,19600,3100,24200,11200
125.0,8.78,63900,561565.0,8.78,8.77,8.76,8.75,8.74,8.72,8.7,8.69,8.68,8.67,8.79,8.8,8.81,8.82,8.83,8.84,8.85,8.86,8.87,8.88,2900,100,5000,1400,5200,2000,3300,5100,100,7800,2600,10200,100,4800,2000,5900,19600,3100,24200,11200
126.0,8.78,63900,561565.0,8.78,8.77,8.76,8.75,8.74,8.72,8.7,8.69,8.68,8.67,8.79,8.8,8.81,8.82,8.83,8.84,8.85,8.86,8.87,8.88,2900,100,5000,1400,5200,2000,3300,5100,100,7800,2600,10200,100,4800,2000,5900,19600,3100,24200,11200
127.0,8.78,63900,561565.0,8.78,8.77,8.76,8.75,8.74,8.72,8.7,8.69,8.68,8.67,8.79,8.8,8.81,8.82,8.83,8.84,8.85,8.86,8.87,8.88,2900,100,5000,1400,5200,2000,3300,5100,100,7800,2600,10200,100,4800,2000,5900,19600,3100,24200,11200
128.0,8.78,64000,562443.0,8.78,8.77,8.76,8.75,8.74,8.72,8.7,8.69,8.68,8.67,8.79,8.8,8.81,8.82,8.83,8.84,8.85,8.86,8.87,8.88,2900,100,5000,1400,5200,2000,3300,5100,100,7800,2700,10200,100,4800,2000,5900,19600,3100,24200,11200
129.0,8.78,64200,564199.0,8.78,8.77,8.76,8.75,8.74,8.72,8.7,8.69,8.68,8.67,8.79,8.8,8.81,8.82,8.83,8.84,8.85,8.86,8.87,8.88,2700,100,5000,1400,5200,2000,3300,5100,100,7800,2700,10200,100,4800,2000,5900,19600,3100,24200,11200
130.0,8.78,64200,564199.0,8.78,8.77,8.76,8.75,8.74,8.72,8.7,8.69,8.68,8.67,8.79,8.8,8.81,8.82,8.83,8.84,8.85,8.86,8.87,8.88,2800,100,5000,1400,5200,2000,3300,5100,100,7800,2800,10200,100,4800,2000,5900,19600,3100,24200,11200
131.0,8.76,67300,591412.0,8.76,8.75,8.74,8.72,8.7,8.69,8.68,8.67,8.66,8.65,8.77,8.78,8.79,8.8,8.81,8.82,8.83,8.84,8.85,8.86,4800,1400,5200,2000,3300,5100,100,7800,1700,100,3100,29700,2900,10200,100,4800,2000,5900,19600,3100
132.0,8.78,80000,702879.0,8.77,8.76,8.75,8.74,8.72,8.7,8.69,8.68,8.67,8.66,8.78,8.79,8.8,8.81,8.82,8.83,8.84,8.85,8.86,8.87,100,4400,1400,5200,2000,3300,5100,100,7800,1700,20500,2900,10200,100,4800,2000,5900,19600,3100,24200
133.0,8.78,81800,718683.0,8.77,8.76,8.75,8.74,8.72,8.7,8.69,8.68,8.67,8.66,8.78,8.79,8.8,8.81,8.82,8.83,8.84,8.85,8.86,8.87,200,4400,1400,5200,2000,4300,5100,100,7800,1700,18800,2800,10200,100,4800,2000,5900,19600,3100,24200
134.0,8.78,82900,728341.0,8.77,8.76,8.75,8.74,8.72,8.7,8.69,8.68,8.67,8.66,8.78,8.79,8.8,8.81,8.82,8.83,8.84,8.85,8.86,8.87,500,4400,1400,5200,2000,4300,5100,100,7800,1700,17700,2800,10200,100,4800,2000,5900,19600,3100,24200
135.0,8.78,83000,729219.0,8.77,8.76,8.75,8.74,8.72,8.7,8.69,8.68,8.67,8.66,8.78,8.79,8.8,8.81,8.82,8.83,8.84,8.85,8.86,8.87,500,4400,1400,5200,2000,4300,5100,100,7800,1700,17300,2800,10200,100,4800,2000,5900,19600,3100,24200
136.0,8.78,85600,752046.0,8.77,8.76,8.75,8.74,8.72,8.7,8.69,8.68,8.67,8.66,8.78,8.79,8.8,8.81,8.82,8.83,8.84,8.85,8.86,8.87,600,4400,1400,5200,2000,4300,5100,100,7800,1700,15000,2800,10200,100,4800,2000,5900,19600,3100,24200
137.0,8.78,89500,786288.0,8.77,8.76,8.75,8.74,8.72,8.7,8.69,8.68,8.67,8.66,8.78,8.79,8.8,8.81,8.82,8.83,8.84,8.85,8.86,8.87,1200,4400,1400,5200,2000,4300,5100,100,7800,1700,11100,2800,10200,100,4800,2000,5900,19600,3100,24200
138.0,8.77,89800,788921.0,8.77,8.76,8.75,8.74,8.72,8.7,8.69,8.68,8.67,8.66,8.78,8.79,8.8,8.81,8.82,8.83,8.84,8.85,8.86,8.87,1100,4400,1400,5200,2000,4300,5100,100,7800,1700,10900,2800,10200,100,4800,2000,5900,19600,3100,24200
139.0,8.77,89800,788921.0,8.77,8.76,8.75,8.74,8.72,8.7,8.69,8.68,8.67,8.66,8.78,8.79,8.8,8.81,8.82,8.83,8.84,8.85,8.86,8.87,1300,4400,1400,5200,2000,4300,5100,100,7800,1700,11100,2800,10200,100,4800,2000,5900,19600,3100,24200
140.0,8.78,90200,792433.0,8.77,8.76,8.75,8.74,8.72,8.7,8.69,8.68,8.67,8.66,8.78,8.79,8.8,8.81,8.82,8.83,8.84,8.85,8.86,8.87,1400,4400,1400,5200,2000,4300,5100,100,7800,1700,10700,6200,10200,100,4800,2000,5900,19600,3100,24200
141.0,8.78,90200,792433.0,8.77,8.76,8.75,8.74,8.72,8.7,8.69,8.68,8.67,8.66,8.78,8.79,8.8,8.81,8.82,8.83,8.84,8.85,8.86,8.87,1400,4400,1400,5200,2000,4300,5100,100,7800,1700,10700,6200,10200,100,4800,2000,5900,19600,3100,24200
142.0,8.77,90300,793310.0,8.77,8.76,8.75,8.74,8.72,8.7,8.69,8.68,8.67,8.66,8.78,8.79,8.8,8.81,8.82,8.83,8.84,8.85,8.86,8.87,1300,4400,1400,5200,2000,4300,5100,100,7800,1700,10700,6200,10200,100,4800,2000,5900,19600,3100,24200
143.0,8.78,90500,795066.0,8.77,8.76,8.75,8.74,8.72,8.7,8.69,8.68,8.67,8.66,8.78,8.79,8.8,8.81,8.82,8.83,8.84,8.85,8.86,8.87,1500,4400,1400,5200,2000,4300,5100,100,7800,1700,10700,6200,10200,100,4800,2000,5900,19600,3100,24200
144.0,8.78,90500,795066.0,8.77,8.76,8.75,8.74,8.72,8.7,8.69,8.68,8.67,8.66,8.78,8.79,8.8,8.81,8.82,8.83,8.84,8.85,8.86,8.87,1500,4400,1400,5200,2000,4300,5100,100,7800,1700,12800,6200,10200,100,4800,2000,5900,19600,3100,24200
145.0,8.78,90500,795066.0,8.77,8.76,8.75,8.74,8.72,8.7,8.69,8.68,8.67,8.66,8.78,8.79,8.8,8.81,8.82,8.83,8.84,8.85,8.86,8.87,1500,4400,1400,5200,2000,4300,5100,100,7800,1700,12800,6200,10200,1300,4800,2000,5900,19600,3100,24200
146.0,8.78,90500,795066.0,8.77,8.76,8.75,8.74,8.72,8.7,8.69,8.68,8.67,8.66,8.78,8.79,8.8,8.81,8.82,8.83,8.84,8.85,8.86,8.87,1700,4400,1400,5200,2000,4300,5100,100,7800,1700,13000,6300,10200,1300,4800,2000,5900,19600,3100,24200
147.0,8.78,90500,795066.0,8.77,8.76,8.75,8.74,8.72,8.7,8.69,8.68,8.67,8.66,8.78,8.79,8.8,8.81,8.82,8.83,8.84,8.85,8.86,8.87,1700,4400,1400,5200,2000,4300,5100,100,7800,1700,13000,6300,10200,1300,4800,2000,5900,19600,3100,24200
148.0,8.78,90500,795066.0,8.77,8.76,8.75,8.74,8.72,8.7,8.69,8.68,8.67,8.66,8.78,8.79,8.8,8.81,8.82,8.83,8.84,8.85,8.86,8.87,1800,4400,1400,5200,2000,4300,5100,100,7800,1700,13100,6300,10200,1300,4800,2000,5900,19600,3100,24200
149.0,8.78,90500,795066.0,8.77,8.76,8.75,8.74,8.72,8.7,8.69,8.68,8.67,8.66,8.78,8.79,8.8,8.81,8.82,8.83,8.84,8.85,8.86,8.87,1800,4400,1400,5200,2000,4300,5100,100,7800,1700,13100,6300,10200,1300,4800,2000,5900,19600,3100,24200
150.0,8.78,90500,795066.0,8.77,8.76,8.75,8.74,8.72,8.7,8.69,8.68,8.67,8.66,8.78,8.79,8.8,8.81,8.82,8.83,8.84,8.85,8.86,8.87,1800,4400,1400,5200,2000,4300,5100,100,7800,1700,13100,6300,10200,1300,4800,2000,5900,19600,3100,24200
151.0,8.78,90500,795066.0,8.77,8.76,8.75,8.74,8.72,8.7,8.69,8.68,8.67,8.66,8.78,8.79,8.8,8.81,8.82,8.83,8.84,8.85,8.86,8.87,1800,4400,1400,5200,2000,4300,5100,100,7800,1700,13200,6300,10200,1300,4800,2000,5900,19600,3100,24200
152.0,8.77,91500,803836.0,8.77,8.76,8.75,8.74,8.72,8.7,8.69,8.68,8.67,8.66,8.78,8.79,8.8,8.81,8.82,8.83,8.84,8.85,8.86,8.87,2400,4400,1400,5200,2000,4300,5100,100,7800,1700,13200,6300,10200,1300,4800,2000,5900,19600,3100,24200
153.0,8.77,92000,808221.0,8.77,8.76,8.75,8.74,8.72,8.7,8.69,8.68,8.67,8.66,8.78,8.79,8.8,8.81,8.82,8.83,8.84,8.85,8.86,8.87,1900,4400,1400,5200,2000,4300,5100,100,7800,1700,13200,6300,10200,1300,4800,2000,5900,19600,3100,24200
154.0,8.77,92000,808221.0,8.77,8.76,8.75,8.74,8.72,8.7,8.69,8.68,8.67,8.66,8.78,8.79,8.8,8.81,8.82,8.83,8.84,8.85,8.86,8.87,1900,4400,1400,5200,2000,4300,5100,100,7800,1700,13200,6300,10200,1300,4800,2000,5900,19600,3100,24200
155.0,8.78,92300,810855.0,8.77,8.76,8.75,8.74,8.72,8.7,8.69,8.68,8.67,8.66,8.78,8.79,8.8,8.81,8.82,8.83,8.84,8.85,8.86,8.87,2000,4400,1400,5200,2000,4300,5100,100,7800,1700,13000,6300,10200,1300,4800,2000,5900,19600,3100,24200
156.0,8.78,92300,810855.0,8.77,8.76,8.75,8.74,8.72,8.7,8.69,8.68,8.67,8.66,8.78,8.79,8.8,8.81,8.82,8.83,8.84,8.85,8.86,8.87,2000,4400,1400,5200,2000,4300,5100,100,7800,1700,13000,6300,10200,1300,4800,2000,5900,19600,3100,24200
157.0,8.78,92300,810855.0,8.77,8.76,8.75,8.74,8.72,8.7,8.69,8.68,8.67,8.66,8.78,8.79,8.8,8.81,8.82,8.83,8.84,8.85,8.86,8.87,2000,4400,1400,5200,2000,4300,5100,100,7800,1700,13000,6300,10200,1300,4800,2000,5900,19600,3100,24200
158.0,8.77,92500,812609.0,8.77,8.76,8.75,8.74,8.72,8.7,8.69,8.68,8.67,8.66,8.78,8.79,8.8,8.81,8.82,8.83,8.84,8.85,8.86,8.87,1900,4400,1400,5200,2000,4300,5100,100,7800,1700,13100,6300,10200,1300,4800,2000,5900,19600,3100,24200
159.0,8.77,92500,812609.0,8.77,8.76,8.75,8.74,8.72,8.7,8.69,8.68,8.67,8.66,8.78,8.79,8.8,8.81,8.82,8.83,8.84,8.85,8.86,8.87,1900,4400,1400,5200,2000,4300,5100,100,7800,1700,13100,6300,10200,1300,4800,2000,5900,19600,3100,24200
160.0,8.77,92500,812609.0,8.77,8.76,8.75,8.74,8.72,8.7,8.69,8.68,8.67,8.66,8.78,8.79,8.8,8.81,8.82,8.83,8.84,8.85,8.86,8.87,1900,4400,1400,5200,2000,4300,5100,100,7800,1700,13100,6300,10200,1300,4800,2000,5900,19600,3100,24200
161.0,8.77,92500,812609.0,8.77,8.76,8.75,8.74,8.72,8.7,8.69,8.68,8.67,8.66,8.78,8.79,8.8,8.81,8.82,8.83,8.84,8.85,8.86,8.87,2000,4400,1400,5200,2000,4300,5100,100,7800,1700,13200,6300,10200,1300,4800,2000,5900,19600,3100,24200
162.0,8.77,92500,812609.0,8.77,8.76,8.75,8.74,8.72,8.7,8.69,8.68,8.67,8.66,8.78,8.79,8.8,8.81,8.82,8.83,8.84,8.85,8.86,8.87,2000,4400,1400,5200,2000,4300,5100,100,7800,1700,13200,6300,10200,1300,4800,2000,5900,19600,3100,24200
163.0,8.76,113000,992199.0,8.75,8.74,8.72,8.7,8.69,8.68,8.67,8.66,8.65,8.63,8.76,8.78,8.79,8.8,8.81,8.82,8.83,8.84,8.85,8.86,400,5200,2000,4300,5100,100,7800,1700,100,23100,62500,13200,6300,10200,1300,4800,2000,5900,19600,3100
164.0,8.76,178000,1561576.0,8.76,8.74,8.72,8.7,8.69,8.68,8.67,8.66,8.65,8.63,8.78,8.79,8.8,8.81,8.82,8.83,8.84,8.85,8.86,8.87,5000,5200,2000,4300,5100,100,7800,1700,100,23100,13000,6900,10200,1300,4800,2000,5900,19600,3100,24200
165.0,8.76,178500,1565956.0,8.76,8.75,8.74,8.72,8.7,8.69,8.68,8.67,8.66,8.65,8.78,8.79,8.8,8.81,8.82,8.83,8.84,8.85,8.86,8.87,5800,200,5200,2000,4300,5100,100,7800,1700,100,13000,6900,10200,1300,4800,2000,5900,19600,3100,24200
166.0,8.78,179800,1577370.0,8.76,8.75,8.74,8.72,8.7,8.69,8.68,8.67,8.66,8.65,8.78,8.79,8.8,8.81,8.82,8.83,8.84,8.85,8.86,8.87,6800,200,5200,2000,4300,5100,100,7800,1700,100,12500,6900,1000,1300,4800,2000,5900,19600,3100,24200
167.0,8.78,181100,1588784.0,8.76,8.75,8.74,8.72,8.7,8.69,8.68,8.67,8.66,8.65,8.78,8.79,8.8,8.81,8.82,8.83,8.84,8.85,8.86,8.87,8600,200,5200,2000,4300,5100,100,7800,1700,100,13200,6900,1000,1300,4800,2000,5900,19600,3100,24200
168.0,8.75,222900,1954620.0,8.74,8.72,8.7,8.69,8.68,8.67,8.66,8.65,8.63,8.62,8.75,8.78,8.79,8.8,8.81,8.82,8.83,8.84,8.85,8.86,9200,2000,4300,5100,100,7800,1700,100,23100,2200,23800,13200,6900,1000,1300,4800,2000,5900,19600,3100
169.0,8.74,244900,2147089.0,8.74,8.72,8.7,8.69,8.68,8.67,8.66,8.65,8.63,8.62,8.75,8.78,8.79,8.8,8.81,8.82,8.83,8.84,8.85,8.86,6100,2000,4300,5100,100,7800,1700,100,23100,2200,4900,13200,6900,1000,1300,4800,2000,5900,19600,3100
170.0,8.78,251500,2204842.0,8.76,8.75,8.74,8.72,8.7,8.69,8.68,8.67,8.66,8.65,8.78,8.79,8.8,8.81,8.82,8.83,8.84,8.85,8.86,8.87,2800,15600,5500,2000,4300,5100,100,7800,1700,100,12700,6900,1000,1300,4800,2000,5900,19600,3100,24200
171.0,8.78,252600,2214500.0,8.76,8.75,8.74,8.72,8.7,8.69,8.68,8.67,8.66,8.65,8.78,8.79,8.8,8.81,8.82,8.83,8.84,8.85,8.86,8.87,4200,15600,5500,2000,4300,5100,100,7800,1700,100,15300,6900,1000,1300,4800,2000,5900,19600,3100,24200
172.0,8.76,253000,2218004.0,8.76,8.75,8.74,8.72,8.7,8.69,8.68,8.67,8.66,8.65,8.78,8.79,8.8,8.81,8.82,8.83,8.84,8.85,8.86,8.87,6100,15600,5500,2000,4300,5100,100,7800,1700,100,15300,6900,1000,1300,4800,2000,5900,19600,3100,24200
173.0,8.78,253400,2221516.0,8.76,8.75,8.74,8.72,8.7,8.69,8.68,8.67,8.66,8.65,8.78,8.79,8.8,8.81,8.82,8.83,8.84,8.85,8.86,8.87,8100,13100,5100,2000,4300,5100,100,7800,1700,100,17200,6900,1000,1300,4800,2000,5900,19600,3100,24200
174.0,8.77,307700,2696029.0,8.75,8.74,8.73,8.72,8.71,8.7,8.69,8.68,8.67,8.66,8.77,8.78,8.79,8.8,8.81,8.82,8.83,8.84,8.85,8.86,2500,1800,2500,49900,2800,4300,5100,100,7800,1700,1200,18400,6900,1000,1300,4800,2000,5900,19600,3100
175.0,8.77,308100,2699537.0,8.75,8.73,8.72,8.71,8.7,8.69,8.68,8.67,8.66,8.65,8.77,8.78,8.79,8.8,8.81,8.82,8.83,8.84,8.85,8.86,2500,2500,49900,2800,4300,5100,100,7800,1700,100,800,18400,6900,1000,1300,4800,2000,5900,19600,3100
176.0,8.77,309400,2710938.0,8.75,8.73,8.72,8.71,8.7,8.69,8.68,8.67,8.66,8.65,8.77,8.78,8.79,8.8,8.81,8.82,8.83,8.84,8.85,8.86,8500,2500,49900,2800,4300,5100,100,7800,1700,100,6300,18400,6900,1000,1300,4800,2000,5900,19600,3100
177.0,8.77,309700,2713569.0,8.75,8.73,8.72,8.71,8.7,8.69,8.68,8.67,8.66,8.65,8.77,8.78,8.79,8.8,8.81,8.82,8.83,8.84,8.85,8.86,8500,2500,27900,2800,4300,5100,100,7800,1700,100,6000,18400,6900,1000,1300,4800,2000,5900,19600,3100
178.0,8.77,310300,2718831.0,8.75,8.73,8.72,8.71,8.7,8.69,8.68,8.67,8.66,8.65,8.77,8.78,8.79,8.8,8.81,8.82,8.83,8.84,8.85,8.86,13400,2500,27900,2800,4300,5100,100,7800,1700,100,10300,18400,6900,1000,1300,4800,2000,5900,19600,3100
179.0,8.75,311400,2728456.0,8.75,8.73,8.72,8.71,8.7,8.69,8.68,8.67,8.66,8.65,8.77,8.78,8.79,8.8,8.81,8.82,8.83,8.84,8.85,8.86,13500,2500,27900,2800,4300,5100,100,7800,1700,100,11500,18400,6900,1000,1300,4800,2000,5900,19600,3100
180.0,8.75,311400,2728456.0,8.75,8.73,8.72,8.71,8.7,8.69,8.68,8.67,8.66,8.65,8.77,8.78,8.79,8.8,8.81,8.82,8.83,8.84,8.85,8.86,18400,2500,27900,2800,4300,5100,100,7800,1700,100,16400,18400,6900,1000,1300,4800,2000,5900,19600,3100
181.0,8.75,333100,2918395.0,8.73,8.72,8.71,8.7,8.69,8.68,8.67,8.66,8.65,8.63,8.75,8.77,8.78,8.79,8.8,8.81,8.82,8.83,8.84,8.85,2500,27900,2800,4300,5100,100,7800,1700,100,23100,86500,13200,18400,6900,1000,1300,4800,2000,5900,19600
182.0,8.75,333100,2918395.0,8.73,8.72,8.7,8.69,8.68,8.67,8.66,8.65,8.63,8.62,8.75,8.77,8.78,8.79,8.8,8.81,8.82,8.83,8.84,8.85,9100,27900,4300,5100,100,7800,1700,100,23100,2200,93100,13200,18400,6900,1000,1300,4800,2000,5900,19600
183.0,8.75,333200,2919270.0,8.73,8.72,8.7,8.69,8.68,8.67,8.66,8.65,8.63,8.62,8.75,8.77,8.78,8.79,8.8,8.81,8.82,8.83,8.84,8.85,9100,27900,4300,5100,100,7800,1700,100,23100,2200,93000,13200,18400,6900,900,1300,4800,2000,5900,19600
184.0,8.75,335100,2935895.0,8.73,8.72,8.7,8.69,8.68,8.67,8.66,8.65,8.63,8.62,8.75,8.77,8.78,8.79,8.8,8.81,8.82,8.83,8.84,8.85,9100,27900,6300,5100,100,7800,1700,100,23100,2200,91100,13200,18400,6900,900,1300,4800,2000,5900,19600
185.0,8.75,336600,2949020.0,8.73,8.72,8.7,8.69,8.68,8.67,8.66,8.65,8.63,8.62,8.75,8.77,8.78,8.79,8.8,8.81,8.82,8.83,8.84,8.85,15900,27900,6300,5100,100,7800,1700,100,23100,2200,96200,13300,18400,6900,900,1300,4800,2000,5900,19600
186.0,8.75,341800,2994498.0,8.73,8.72,8.7,8.69,8.68,8.67,8.66,8.65,8.63,8.62,8.75,8.77,8.78,8.79,8.8,8.81,8.82,8.83,8.84,8.85,14800,27900,6300,5100,100,7800,1700,100,23100,2200,92100,13300,18400,6900,900,1300,4800,2000,5900,19600
187.0,8.75,341800,2994498.0,8.73,8.72,8.7,8.69,8.68,8.67,8.66,8.65,8.63,8.62,8.75,8.77,8.78,8.79,8.8,8.81,8.82,8.83,8.84,8.85,20200,27900,6300,5100,100,7800,1700,100,23100,2200,97500,13300,18400,6900,900,1300,4800,2000,5900,19600
188.0,8.73,395400,3462448.0,8.73,8.72,8.7,8.69,8.68,8.67,8.66,8.65,8.63,8.62,8.75,8.77,8.78,8.79,8.8,8.81,8.82,8.83,8.84,8.85,5800,27900,6300,5100,100,7800,1700,100,23100,2200,97800,13300,18400,6900,900,1300,4800,2000,5900,19600
189.0,8.73,395400,3462448.0,8.73,8.72,8.7,8.69,8.68,8.67,8.66,8.65,8.63,8.62,8.75,8.77,8.78,8.79,8.8,8.81,8.82,8.83,8.84,8.85,5800,27900,6300,5100,100,7800,1700,100,23100,2200,100200,13300,18400,6900,900,1300,4800,2000,5900,19600
190.0,8.73,395400,3462448.0,8.73,8.72,8.7,8.69,8.68,8.67,8.66,8.65,8.63,8.62,8.75,8.77,8.78,8.79,8.8,8.81,8.82,8.83,8.84,8.85,20100,27900,6300,5100,100,7800,1700,100,23100,2200,104300,13300,18400,6900,900,1300,4800,2000,5900,19600
191.0,8.75,399300,3496573.0,8.74,8.73,8.72,8.7,8.69,8.68,8.67,8.66,8.65,8.63,8.75,8.77,8.78,8.79,8.8,8.81,8.82,8.83,8.84,8.85,13900,28200,27900,6300,5100,100,7800,1700,100,23100,102000,13300,18400,6900,900,1300,4800,2000,5900,19600
192.0,8.75,400400,3506198.0,8.74,8.73,8.72,8.7,8.69,8.68,8.67,8.66,8.65,8.63,8.75,8.77,8.78,8.79,8.8,8.81,8.82,8.83,8.84,8.85,13900,28700,27900,6300,5100,100,7800,1700,100,23100,100900,13300,18400,6900,900,1300,4800,2000,5900,19600
193.0,8.73,443000,3878235.0,8.72,8.7,8.69,8.68,8.67,8.66,8.65,8.63,8.62,8.61,8.73,8.75,8.77,8.78,8.79,8.8,8.81,8.82,8.83,8.84,27900,6300,5100,100,7800,1700,100,23100,2200,6000,11000,100900,13300,18400,6900,900,1300,4800,2000,5900
194.0,8.73,443000,3878235.0,8.72,8.7,8.69,8.68,8.67,8.66,8.65,8.63,8.62,8.61,8.73,8.75,8.77,8.78,8.79,8.8,8.81,8.82,8.83,8.84,28500,6300,5100,100,7800,1700,100,23100,2200,6000,11000,100900,13300,18400,6900,900,1300,4800,2000,5900
195.0,8.73,444600,3892203.0,8.72,8.7,8.69,8.68,8.67,8.66,8.65,8.63,8.62,8.61,8.73,8.75,8.77,8.78,8.79,8.8,8.81,8.82,8.83,8.84,28500,6300,5100,100,7800,1700,100,23100,2200,6000,9400,100900,13300,18400,6900,900,1300,4800,2000,5900
196.0,8.73,454000,3974265.0,8.73,8.72,8.7,8.69,8.68,8.67,8.66,8.65,8.63,8.62,8.75,8.77,8.78,8.79,8.8,8.81,8.82,8.83,8.84,8.85,1900,28500,6300,5100,100,7800,1700,100,23100,2200,100900,13300,18400,6900,900,1300,4800,2000,5900,19600
197.0,8.73,454000,3974265.0,8.73,8.72,8.7,8.69,8.68,8.67,8.66,8.65,8.63,8.62,8.75,8.77,8.78,8.79,8.8,8.81,8.82,8.83,8.84,8.85,11700,28500,6300,5100,100,7800,1700,100,23100,2200,110500,13300,18400,6900,900,1300,4800,2000,5900,19600
198.0,8.73,464500,4065930.0,8.73,8.72,8.7,8.69,8.68,8.67,8.66,8.65,8.63,8.62,8.75,8.77,8.78,8.79,8.8,8.81,8.82,8.83,8.84,8.85,65200,28500,6300,5100,100,7800,1700,100,23100,2200,110500,13300,18400,6900,900,1300,4800,2000,5900,19600
199.0,8.75,465600,4075555.0,8.73,8.72,8.7,8.69,8.68,8.67,8.66,8.65,8.63,8.62,8.75,8.77,8.78,8.79,8.8,8.81,8.82,8.83,8.84,8.85,68500,28500,6300,5100,100,7800,1700,100,23100,2200,112400,13300,18400,6900,900,1300,4800,2000,5900,19600
200.0,8.75,467600,4093033.0,8.73,8.72,8.7,8.69,8.68,8.67,8.66,8.65,8.63,8.62,8.75,8.77,8.78,8.79,8.8,8.81,8.82,8.83,8.84,8.85,117000,27900,6300,5100,100,7800,1700,100,23100,2200,113500,13300,18400,6900,900,1300,4800,2000,5900,19600
201.0,8.75,467600,4093033.0,8.73,8.72,8.7,8.69,8.68,8.67,8.66,8.65,8.63,8.62,8.75,8.77,8.78,8.79,8.8,8.81,8.82,8.83,8.84,8.85,120000,27900,6300,5100,100,7800,1700,100,23100,2200,116500,13300,18400,6900,900,1300,4800,2000,5900,19600
202.0,8.75,468700,4102658.0,8.73,8.72,8.7,8.69,8.68,8.67,8.66,8.65,8.63,8.62,8.75,8.77,8.78,8.79,8.8,8.81,8.82,8.83,8.84,8.85,120000,27900,6300,5100,100,7800,1700,100,23100,2200,115400,13300,18400,6900,900,1300,4800,2000,5900,19600
203.0,8.75,473600,4145533.0,8.73,8.72,8.7,8.69,8.68,8.67,8.66,8.65,8.63,8.62,8.75,8.77,8.78,8.79,8.8,8.81,8.82,8.83,8.84,8.85,122000,27900,6300,5100,100,7800,1700,100,23100,2200,112500,13300,18400,6900,900,1300,4800,2000,5900,19600
204.0,8.75,473600,4145533.0,8.73,8.72,8.7,8.69,8.68,8.67,8.66,8.65,8.63,8.62,8.75,8.77,8.78,8.79,8.8,8.81,8.82,8.83,8.84,8.85,124900,27900,6300,5100,100,7800,1700,100,23100,2200,115400,13300,18400,6900,900,1300,4800,2000,5900,19600
205.0,8.75,476500,4170908.0,8.74,8.73,8.72,8.7,8.69,8.68,8.67,8.66,8.65,8.63,8.75,8.77,8.78,8.79,8.8,8.81,8.82,8.83,8.84,8.85,6700,85200,27900,6300,5100,100,7800,1700,100,23100,112500,13300,18400,6900,900,1300,4800,2000,5900,19600
206.0,8.75,477600,4180533.0,8.74,8.73,8.72,8.7,8.69,8.68,8.67,8.66,8.65,8.63,8.75,8.77,8.78,8.79,8.8,8.81,8.82,8.83,8.84,8.85,6700,80000,27900,6300,5100,200,7800,1700,100,23100,111400,13300,18400,6900,900,1300,4800,2000,5900,19600
207.0,8.74,478200,4185777.0,8.74,8.73,8.72,8.7,8.69,8.68,8.67,8.66,8.65,8.63,8.75,8.77,8.78,8.79,8.8,8.81,8.82,8.83,8.84,8.85,6100,80000,27900,6300,5100,200,7800,1700,100,23100,111400,13300,18400,6900,900,1300,4800,2000,5900,19600
208.0,8.74,478200,4185777.0,8.74,8.73,8.72,8.7,8.69,8.68,8.67,8.66,8.65,8.63,8.75,8.77,8.78,8.79,8.8,8.81,8.82,8.83,8.84,8.85,6100,80000,27900,6300,5100,200,7800,1700,100,23100,111400,13300,18400,6900,900,1300,4800,2000,5900,19600
209.0,8.75,479300,4195402.0,8.74,8.73,8.72,8.7,8.69,8.68,8.67,8.66,8.65,8.63,8.75,8.77,8.78,8.79,8.8,8.81,8.82,8.83,8.84,8.85,6100,80000,27900,6300,5100,200,7800,1700,100,23100,110300,13300,18400,6900,900,1300,4800,2000,5900,19600
210.0,8.75,479300,4195402.0,8.74,8.73,8.72,8.7,8.69,8.68,8.67,8.66,8.65,8.63,8.75,8.77,8.78,8.79,8.8,8.81,8.82,8.83,8.84,8.85,6100,80000,27900,6300,5100,200,7800,1700,100,23100,110300,13300,18400,6900,900,1300,4800,2000,5900,19600
211.0,8.75,479300,4195402.0,8.74,8.73,8.72,8.7,8.69,8.68,8.67,8.66,8.65,8.63,8.75,8.77,8.78,8.79,8.8,8.81,8.82,8.83,8.84,8.85,6200,80000,27900,6300,5100,200,7800,1700,100,23100,117100,13300,18400,6900,900,1300,4800,2000,5900,19600
212.0,8.75,479300,4195402.0,8.74,8.73,8.72,8.7,8.69,8.68,8.67,8.66,8.65,8.63,8.75,8.77,8.78,8.79,8.8,8.81,8.82,8.83,8.84,8.85,6200,80000,27900,6300,5100,200,7800,1700,100,23100,117100,13300,18400,6900,900,1300,4800,2000,5900,19600
213.0,8.75,480400,4205027.0,8.74,8.73,8.72,8.7,8.69,8.68,8.67,8.66,8.65,8.63,8.75,8.77,8.78,8.79,8.8,8.81,8.82,8.83,8.84,8.85,6200,80000,27900,6300,5100,200,7800,1700,100,23100,116000,13300,18400,6900,900,1300,4800,2000,5900,19600
214.0,8.75,480400,4205027.0,8.74,8.73,8.72,8.7,8.69,8.68,8.67,8.66,8.65,8.63,8.75,8.77,8.78,8.79,8.8,8.81,8.82,8.83,8.84,8.85,6200,80000,27900,6300,5100,200,7800,1700,100,23100,116000,13300,18400,6900,900,1300,4800,2000,5900,19600
215.0,8.75,480400,4205027.0,8.74,8.73,8.72,8.7,8.69,8.68,8.67,8.66,8.65,8.63,8.75,8.77,8.78,8.79,8.8,8.81,8.82,8.83,8.84,8.85,200,80000,28100,6300,5100,200,7800,1700,100,23100,125200,13300,18400,6900,900,1300,4800,2000,5900,19600
216.0,8.75,491900,4305652.0,8.74,8.73,8.72,8.7,8.69,8.68,8.67,8.66,8.65,8.63,8.75,8.77,8.78,8.79,8.8,8.81,8.82,8.83,8.84,8.85,200,80000,28100,6300,5100,200,7800,2000,100,23100,113700,13300,18400,6900,900,1300,4800,2000,5900,19600
217.0,8.75,498000,4359027.0,8.74,8.73,8.72,8.7,8.69,8.68,8.67,8.66,8.65,8.63,8.75,8.77,8.78,8.79,8.8,8.81,8.82,8.83,8.84,8.85,200,80000,28100,6300,5100,200,7800,2000,100,23100,107600,13300,18400,6900,900,1300,4800,2000,5900,19600
218.0,8.75,498000,4359027.0,8.74,8.73,8.72,8.7,8.69,8.68,8.67,8.66,8.65,8.63,8.75,8.77,8.78,8.79,8.8,8.81,8.82,8.83,8.84,8.85,800,80000,28100,6300,5100,200,7800,2000,100,23100,107600,13300,18400,6900,900,1300,4800,2000,5900,19600
219.0,8.75,498000,4359027.0,8.74,8.73,8.72,8.7,8.69,8.68,8.67,8.66,8.65,8.63,8.75,8.77,8.78,8.79,8.8,8.81,8.82,8.83,8.84,8.85,800,80000,28100,6300,5100,200,7800,2000,100,23100,107600,13300,18400,6900,900,1300,4800,2000,5900,19600
220.0,8.75,499100,4368652.0,8.74,8.73,8.72,8.7,8.69,8.68,8.67,8.66,8.65,8.63,8.75,8.77,8.78,8.79,8.8,8.81,8.82,8.83,8.84,8.85,800,80000,27900,6300,5100,200,7800,2000,100,23100,106500,13300,18400,6900,900,1300,4800,2000,5900,19600
221.0,8.75,499100,4368652.0,8.74,8.73,8.72,8.7,8.69,8.68,8.67,8.66,8.65,8.63,8.75,8.77,8.78,8.79,8.8,8.81,8.82,8.83,8.84,8.85,800,80000,27900,7400,5100,200,7800,2000,100,23100,106500,13300,18400,6900,900,1300,4800,2000,5900,19600
222.0,8.75,499100,4368652.0,8.74,8.73,8.72,8.7,8.69,8.68,8.67,8.66,8.65,8.63,8.75,8.77,8.78,8.79,8.8,8.81,8.82,8.83,8.84,8.85,800,80000,27900,7400,5100,200,7800,2000,100,23100,106500,13300,18400,6900,900,1300,4800,2000,5900,19600
223.0,8.75,500600,4381777.0,8.74,8.73,8.72,8.7,8.69,8.68,8.67,8.66,8.65,8.63,8.75,8.77,8.78,8.79,8.8,8.81,8.82,8.83,8.84,8.85,9500,80000,27900,7400,5100,200,7800,2000,100,23100,105000,13300,18400,6900,900,1300,4800,2000,5900,19600
224.0,8.75,501100,4386152.0,8.74,8.73,8.72,8.7,8.69,8.68,8.67,8.66,8.65,8.63,8.75,8.77,8.78,8.79,8.8,8.81,8.82,8.83,8.84,8.85,9500,80000,27900,7400,5100,200,7800,2000,100,23100,104500,13300,18400,6900,900,1300,4800,2000,5900,19600
225.0,8.75,501200,4387027.0,8.74,8.73,8.72,8.7,8.69,8.68,8.67,8.66,8.65,8.63,8.75,8.77,8.78,8.79,8.8,8.81,8.82,8.83,8.84,8.85,9500,80000,27900,7400,5100,200,7800,2000,100,23100,104400,13300,18400,6900,900,1300,4800,2000,5900,19600
226.0,8.75,502300,4396652.0,8.74,8.73,8.72,8.7,8.69,8.68,8.67,8.66,8.65,8.63,8.75,8.77,8.78,8.79,8.8,8.81,8.82,8.83,8.84,8.85,9500,80000,27900,7400,5100,200,7800,2000,100,23100,103300,13300,18400,6900,900,1300,4800,2000,5900,19600
227.0,8.75,502700,4400152.0,8.74,8.73,8.72,8.7,8.69,8.68,8.67,8.66,8.65,8.63,8.75,8.77,8.78,8.79,8.8,8.81,8.82,8.83,8.84,8.85,9500,80000,27900,7400,5100,200,7800,2000,100,23100,102900,13300,18400,6900,900,1300,4800,2000,5900,19600
228.0,8.75,504900,4419402.0,8.74,8.73,8.72,8.7,8.69,8.68,8.67,8.66,8.65,8.63,8.75,8.77,8.78,8.79,8.8,8.81,8.82,8.83,8.84,8.85,9500,80000,27900,7400,5100,200,7800,2000,100,23100,100700,13300,18400,6900,900,1300,4800,2000,5900,19600
229.0,8.74,505800,4427268.0,8.74,8.73,8.72,8.7,8.69,8.68,8.67,8.66,8.65,8.63,8.75,8.77,8.78,8.79,8.8,8.81,8.82,8.83,8.84,8.85,8600,80000,27900,8600,5100,200,7800,2000,100,23100,102700,13300,18400,6900,900,1300,4800,2000,5900,19600
230.0,8.75,506900,4436893.0,8.74,8.73,8.72,8.7,8.69,8.68,8.67,8.66,8.65,8.63,8.75,8.77,8.78,8.79,8.8,8.81,8.82,8.83,8.84,8.85,8600,80000,27900,8600,5100,200,7800,2000,100,23100,101600,13300,18400,6800,900,1300,4800,2000,5900,19600
231.0,8.75,506900,4436893.0,8.74,8.73,8.72,8.7,8.69,8.68,8.67,8.66,8.65,8.63,8.75,8.77,8.78,8.79,8.8,8.81,8.82,8.83,8.84,8.85,8600,80000,27900,8600,5100,200,7800,2000,100,23100,101600,13300,18400,6800,900,1300,4800,2000,5900,19600
232.0,8.75,507000,4437768.0,8.74,8.73,8.72,8.7,8.69,8.68,8.67,8.66,8.65,8.63,8.75,8.77,8.78,8.79,8.8,8.81,8.82,8.83,8.84,8.85,8600,80000,27900,8600,5100,200,7800,2000,100,23100,101500,13300,18400,6800,900,1300,4800,2000,5900,19600
233.0,8.75,508100,4447393.0,8.74,8.73,8.72,8.7,8.69,8.68,8.67,8.66,8.65,8.63,8.75,8.77,8.78,8.79,8.8,8.81,8.82,8.83,8.84,8.85,8600,80000,27900,8600,5100,200,7800,2000,100,23100,100400,13300,18400,6800,900,1300,4800,2000,5900,19600
234.0,8.75,508100,4447393.0,8.74,8.73,8.7,8.69,8.68,8.67,8.66,8.65,8.63,8.62,8.75,8.77,8.78,8.79,8.8,8.81,8.82,8.83,8.84,8.85,8600,80000,8600,5100,200,7800,2000,100,23100,2200,100400,13300,18400,6800,900,1300,4800,2000,5900,19600
235.0,8.75,508100,4447393.0,8.74,8.73,8.7,8.69,8.68,8.67,8.66,8.65,8.63,8.62,8.75,8.77,8.78,8.79,8.8,8.81,8.82,8.83,8.84,8.85,8600,80000,8600,5100,200,7800,2000,100,23100,2200,100400,13300,18400,6800,900,1300,4800,2000,5900,19600
236.0,8.75,510000,4464010.0,8.74,8.73,8.7,8.69,8.68,8.67,8.66,8.65,8.63,8.62,8.75,8.77,8.78,8.79,8.8,8.81,8.82,8.83,8.84,8.85,7800,80000,8600,5100,200,7800,2000,100,23100,2200,99300,13300,18400,6800,900,1300,4800,2000,5900,19600
237.0,8.75,510000,4464010.0,8.74,8.73,8.7,8.69,8.68,8.67,8.66,8.65,8.63,8.62,8.75,8.77,8.78,8.79,8.8,8.81,8.82,8.83,8.84,8.85,7800,80000,8600,5100,200,7800,2000,100,23100,2200,99300,13300,18400,6800,900,1300,4800,2000,5900,19600
238.0,8.75,510000,4464010.0,8.74,8.73,8.7,8.69,8.68,8.67,8.66,8.65,8.63,8.62,8.75,8.77,8.78,8.79,8.8,8.81,8.82,8.83,8.84,8.85,7800,80000,8600,5100,200,7800,2000,100,23100,2200,99300,13300,18400,6800,900,1300,4800,2000,5900,19600
239.0,8.75,513000,4490260.0,8.74,8.73,8.72,8.7,8.69,8.68,8.67,8.66,8.65,8.63,8.75,8.77,8.78,8.79,8.8,8.81,8.82,8.83,8.84,8.85,7800,80000,300,8600,5100,200,7800,2000,100,23100,96300,13300,18400,6800,900,1300,4800,2000,5900,19600
240.0,8.75,516300,4519135.0,8.74,8.73,8.72,8.7,8.69,8.68,8.67,8.66,8.65,8.63,8.75,8.77,8.78,8.79,8.8,8.81,8.82,8.83,8.84,8.85,7800,80000,300,8600,5100,200,7800,2000,100,23100,86200,13300,18400,6800,900,1300,4800,2000,5900,19600
241.0,8.75,518600,4539260.0,8.74,8.73,8.72,8.7,8.69,8.68,8.67,8.66,8.65,8.63,8.75,8.77,8.78,8.79,8.8,8.81,8.82,8.83,8.84,8.85,7900,80000,300,8600,5100,200,7800,2000,100,23100,83900,13300,18400,6800,900,1300,4800,2000,5900,19600
242.0,8.75,520300,4554135.0,8.74,8.73,8.72,8.7,8.69,8.68,8.67,8.66,8.65,8.63,8.75,8.77,8.78,8.79,8.8,8.81,8.82,8.83,8.84,8.85,8100,80000,300,8600,5100,200,7800,2000,100,23100,82200,13300,18400,6800,900,1300,4800,2000,5900,19600
243.0,8.75,523100,4578635.0,8.74,8.73,8.72,8.7,8.69,8.68,8.67,8.66,8.65,8.63,8.75,8.77,8.78,8.79,8.8,8.81,8.82,8.83,8.84,8.85,8100,80000,300,8600,5100,5200,7800,2000,100,23100,79400,13300,18400,6800,900,1300,4800,2000,5900,19600
244.0,8.77,607700,5318965.0,8.76,8.75,8.74,8.73,8.72,8.7,8.69,8.68,8.67,8.66,8.77,8.78,8.79,8.8,8.81,8.82,8.83,8.84,8.85,8.86,6700,200,7300,80000,300,8600,5100,5200,7800,2000,8900,18400,6800,900,1300,4800,2000,5900,19600,3100
245.0,8.76,615100,5383789.0,8.76,8.75,8.74,8.73,8.72,8.7,8.69,8.68,8.67,8.66,8.77,8.78,8.79,8.8,8.81,8.82,8.83,8.84,8.85,8.86,300,4000,7300,80000,300,8600,5100,5200,7800,2000,8900,18400,6800,900,1300,4800,2000,5900,19600,3100
246.0,8.77,616200,5393436.0,8.76,8.75,8.74,8.73,8.72,8.7,8.69,8.68,8.67,8.66,8.77,8.78,8.79,8.8,8.81,8.82,8.83,8.84,8.85,8.86,300,4000,7300,80000,300,8600,5100,5200,7800,2000,7800,18400,6800,900,1300,4800,2000,5900,19600,3100
247.0,8.77,616900,5399575.0,8.76,8.75,8.74,8.73,8.72,8.7,8.69,8.68,8.67,8.66,8.77,8.78,8.79,8.8,8.81,8.82,8.83,8.84,8.85,8.86,300,4000,7300,80000,300,8600,5100,5200,7800,2000,7100,18400,6800,900,1300,4800,2000,5900,19600,3100
248.0,8.77,617500,5404836.0,8.75,8.74,8.73,8.72,8.7,8.69,8.68,8.67,8.66,8.65,8.77,8.78,8.79,8.8,8.81,8.82,8.83,8.84,8.85,8.86,3200,7300,80000,300,8600,5100,5200,7800,2000,100,6600,18400,6800,900,1300,4800,2000,5900,19600,3100
249.0,8.75,617600,5405711.0,8.76,8.75,8.74,8.73,8.72,8.7,8.69,8.68,8.67,8.66,8.77,8.78,8.79,8.8,8.81,8.82,8.83,8.84,8.85,8.86,200,7100,7300,80000,300,8600,5100,5200,7800,2000,10600,18500,6800,900,1300,4800,2000,5900,19600,3100
250.0,8.77,618600,5414481.0,8.76,8.75,8.74,8.73,8.72,8.7,8.69,8.68,8.67,8.66,8.77,8.78,8.79,8.8,8.81,8.82,8.83,8.84,8.85,8.86,400,7100,7300,80000,300,8600,5100,5200,7800,2000,9600,18500,6800,900,1300,4800,2000,5900,19600,3100
251.0,8.77,618600,5414481.0,8.76,8.75,8.74,8.73,8.72,8.7,8.69,8.68,8.67,8.66,8.77,8.78,8.79,8.8,8.81,8.82,8.83,8.84,8.85,8.86,400,4600,7300,80000,300,8600,5100,5200,7800,2000,9600,18500,6800,900,1300,4800,2000,5900,19600,3100
252.0,8.77,620500,5431144.0,8.76,8.75,8.74,8.73,8.72,8.7,8.69,8.68,8.67,8.66,8.77,8.78,8.79,8.8,8.81,8.82,8.83,8.84,8.85,8.86,400,4600,7300,80000,300,8600,5100,5200,7800,2000,7700,18500,6800,900,1300,4800,2000,5900,19600,3100
253.0,8.77,621300,5438160.0,8.76,8.75,8.74,8.73,8.72,8.7,8.69,8.68,8.67,8.66,8.77,8.78,8.79,8.8,8.81,8.82,8.83,8.84,8.85,8.86,400,4600,7100,80000,300,8600,5100,5200,7800,2000,6900,18500,6800,900,1300,4800,2000,5900,19600,3100
254.0,8.77,621500,5439914.0,8.76,8.75,8.74,8.73,8.72,8.7,8.69,8.68,8.67,8.66,8.77,8.78,8.79,8.8,8.81,8.82,8.83,8.84,8.85,8.86,400,4600,7100,80000,300,8600,5100,5200,7800,2000,6700,18600,6800,900,1300,4800,2000,5900,19600,3100
255.0,8.77,621500,5439914.0,8.76,8.75,8.74,8.73,8.72,8.7,8.69,8.68,8.67,8.66,8.77,8.78,8.79,8.8,8.81,8.82,8.83,8.84,8.85,8.86,400,4600,7100,80000,300,8600,5100,5200,7800,2000,6700,18600,6800,900,1300,4800,2000,5900,19600,3100
256.0,8.77,621500,5439914.0,8.76,8.75,8.74,8.73,8.72,8.7,8.69,8.68,8.67,8.66,8.77,8.78,8.79,8.8,8.81,8.82,8.83,8.84,8.85,8.86,400,4600,7100,80000,300,8600,5100,5200,7800,2000,6700,18900,6800,900,1300,4800,2000,5900,19600,3100
257.0,8.77,622100,5445176.0,8.76,8.75,8.74,8.73,8.72,8.7,8.69,8.68,8.67,8.66,8.77,8.78,8.79,8.8,8.81,8.82,8.83,8.84,8.85,8.86,400,4600,7100,80000,300,8600,5100,5200,7800,2000,6100,18900,6800,900,1300,4800,2000,5900,19600,3100
258.0,8.77,622100,5445176.0,8.76,8.75,8.74,8.73,8.72,8.7,8.69,8.68,8.67,8.66,8.77,8.78,8.79,8.8,8.81,8.82,8.83,8.84,8.85,8.86,400,4600,7100,80000,300,8600,5100,5200,7800,2000,6100,18900,6800,900,1300,4800,2000,5900,19600,3100
259.0,8.77,622100,5445176.0,8.76,8.75,8.74,8.73,8.72,8.7,8.69,8.68,8.67,8.66,8.77,8.78,8.79,8.8,8.81,8.82,8.83,8.84,8.85,8.86,200,4600,22800,80000,300,8600,5100,5200,7800,2000,6100,18900,6800,900,1300,4800,2000,5900,19600,3100
260.0,8.77,623000,5453069.0,8.76,8.75,8.74,8.73,8.72,8.7,8.69,8.68,8.67,8.66,8.77,8.78,8.79,8.8,8.81,8.82,8.83,8.84,8.85,8.86,200,4600,22800,80000,300,8600,5100,5200,7800,2000,5200,18900,6800,900,1300,4800,2000,5900,19600,3100
261.0,8.77,623000,5453069.0,8.76,8.75,8.74,8.73,8.72,8.7,8.69,8.68,8.67,8.66,8.77,8.78,8.79,8.8,8.81,8.82,8.83,8.84,8.85,8.86,200,4600,22800,80000,300,8600,5100,5200,7800,2000,5200,18900,6800,900,1300,4800,2000,5900,19600,3100
262.0,8.77,623100,5453946.0,8.76,8.75,8.74,8.73,8.72,8.7,8.69,8.68,8.67,8.66,8.77,8.78,8.79,8.8,8.81,8.82,8.83,8.84,8.85,8.86,200,4600,22800,80000,300,8600,5100,5200,7800,2000,5100,18900,6800,900,1300,4800,2000,5900,19600,3100
263.0,8.77,624900,5469732.0,8.76,8.75,8.74,8.73,8.72,8.7,8.69,8.68,8.67,8.66,8.77,8.78,8.79,8.8,8.81,8.82,8.83,8.84,8.85,8.86,500,4600,22800,80000,300,8600,5100,5200,7800,2000,3300,18900,6800,900,1300,4800,2000,5900,19600,3100
264.0,8.77,625200,5472363.0,8.76,8.75,8.74,8.73,8.72,8.7,8.69,8.68,8.67,8.66,8.77,8.78,8.79,8.8,8.81,8.82,8.83,8.84,8.85,8.86,500,4600,22800,80000,300,8600,5100,5200,7800,2000,3000,18900,6800,900,1300,4800,2000,5900,18700,3100
265.0,8.77,625200,5472363.0,8.76,8.75,8.74,8.73,8.72,8.7,8.69,8.68,8.67,8.66,8.77,8.78,8.79,8.8,8.81,8.82,8.83,8.84,8.85,8.86,500,5400,22800,80000,300,8600,5100,5200,7800,2000,3000,18900,6800,900,1300,4800,2000,5900,18700,3100
266.0,8.77,625200,5472363.0,8.76,8.75,8.74,8.73,8.72,8.7,8.69,8.68,8.67,8.66,8.77,8.78,8.79,8.8,8.81,8.82,8.83,8.84,8.85,8.86,500,5400,22800,80000,300,8600,5100,5200,7800,2000,3000,18900,6800,900,1300,4800,2000,5900,18700,3100
267.0,8.77,625600,5475871.0,8.76,8.75,8.74,8.73,8.72,8.7,8.69,8.68,8.67,8.66,8.77,8.78,8.79,8.8,8.81,8.82,8.83,8.84,8.85,8.86,500,5400,22800,80000,300,8600,5100,5200,7800,2000,2600,18900,6800,900,1300,4800,2000,5900,18700,3100
268.0,8.77,625600,5475871.0,8.76,8.75,8.74,8.73,8.72,8.7,8.69,8.68,8.67,8.66,8.77,8.78,8.79,8.8,8.81,8.82,8.83,8.84,8.85,8.86,500,5400,22800,80000,300,8600,5100,5200,7800,2000,2600,18900,6800,900,1300,4800,2000,5900,18700,3100
269.0,8.77,625600,5475871.0,8.76,8.75,8.74,8.73,8.72,8.7,8.69,8.68,8.67,8.66,8.77,8.78,8.79,8.8,8.81,8.82,8.83,8.84,8.85,8.86,500,5400,22800,80000,300,8600,5100,5200,7800,2000,2600,18900,6800,900,1300,4800,2000,5900,18700,3100
270.0,8.77,625800,5477625.0,8.76,8.75,8.74,8.73,8.72,8.7,8.69,8.68,8.67,8.66,8.77,8.78,8.79,8.8,8.81,8.82,8.83,8.84,8.85,8.86,500,5400,22800,80000,300,8600,5100,5200,7800,2000,2800,40200,6800,900,1300,4800,2000,5900,18700,3100
271.0,8.77,626100,5480256.0,8.76,8.75,8.74,8.73,8.72,8.7,8.69,8.68,8.67,8.66,8.77,8.78,8.79,8.8,8.81,8.82,8.83,8.84,8.85,8.86,500,5400,22800,80000,300,8600,5100,5200,7800,2000,2700,40200,6800,900,1300,4800,2000,5900,18700,3100
272.0,8.77,626100,5480256.0,8.76,8.75,8.74,8.73,8.72,8.7,8.69,8.68,8.67,8.66,8.77,8.78,8.79,8.8,8.81,8.82,8.83,8.84,8.85,8.86,600,5400,22800,80000,300,8600,5100,5200,7800,2000,4400,40400,6800,900,1300,4800,2000,5900,18700,3100
273.0,8.77,633000,5540769.0,8.77,8.76,8.75,8.74,8.73,8.72,8.7,8.69,8.68,8.67,8.78,8.79,8.8,8.81,8.82,8.83,8.84,8.85,8.86,8.87,26900,500,5400,22800,80000,300,8600,5100,5200,7800,40400,6800,900,1300,4800,2000,5900,18700,3100,24200
274.0,8.78,634100,5550427.0,8.77,8.76,8.75,8.74,8.73,8.72,8.7,8.69,8.68,8.67,8.78,8.79,8.8,8.81,8.82,8.83,8.84,8.85,8.86,8.87,26900,500,5400,22800,80000,300,8600,5100,5200,7800,39300,6800,900,1300,4800,2000,5900,18700,3100,24200
275.0,8.77,641700,5617101.0,8.77,8.76,8.75,8.74,8.73,8.72,8.7,8.69,8.68,8.67,8.78,8.79,8.8,8.81,8.82,8.83,8.84,8.85,8.86,8.87,21500,500,5400,22800,80000,300,8600,5100,5200,7800,37100,6800,900,1300,4800,2000,5900,18700,3100,24200
276.0,8.77,641700,5617101.0,8.77,8.76,8.75,8.74,8.73,8.72,8.7,8.69,8.68,8.67,8.78,8.79,8.8,8.81,8.82,8.83,8.84,8.85,8.86,8.87,21500,500,7400,22800,80000,300,8600,5100,5200,7800,37300,6800,900,1300,4800,2000,5900,18700,3100,24200
277.0,8.77,641700,5617101.0,8.77,8.76,8.75,8.74,8.73,8.72,8.7,8.69,8.68,8.67,8.78,8.79,8.8,8.81,8.82,8.83,8.84,8.85,8.86,8.87,21500,500,7400,22800,80000,300,8600,5100,5200,7800,37300,6800,900,1300,4800,2000,5900,18700,3100,24200
278.0,8.78,642800,5626759.0,8.77,8.76,8.75,8.74,8.73,8.72,8.7,8.69,8.68,8.67,8.78,8.79,8.8,8.81,8.82,8.83,8.84,8.85,8.86,8.87,21500,500,7400,22800,80000,300,8600,5100,5200,7800,36200,6800,900,1300,4800,2000,5900,18700,3100,24200
279.0,8.78,644300,5639929.0,8.77,8.76,8.75,8.74,8.73,8.72,8.7,8.69,8.68,8.67,8.78,8.79,8.8,8.81,8.82,8.83,8.84,8.85,8.86,8.87,21500,500,7400,22800,80000,300,8600,5100,5200,7800,34700,6800,900,1300,4800,2000,5900,18700,3100,24200
280.0,8.78,645400,5649587.0,8.77,8.76,8.75,8.74,8.73,8.72,8.7,8.69,8.68,8.67,8.78,8.79,8.8,8.81,8.82,8.83,8.84,8.85,8.86,8.87,21500,500,7400,22800,80000,300,8600,5100,5200,7800,33600,6800,900,1300,5300,2000,5900,18700,3100,24200
281.0,8.78,646500,5659245.0,8.77,8.76,8.75,8.74,8.73,8.72,8.7,8.69,8.68,8.67,8.78,8.79,8.8,8.81,8.82,8.83,8.84,8.85,8.86,8.87,21500,500,7400,22800,80000,300,8600,5100,5200,7800,32500,6800,900,1300,5300,2000,5900,18700,3100,24200
282.0,8.78,646500,5659245.0,8.77,8.76,8.75,8.74,8.73,8.72,8.7,8.69,8.68,8.67,8.78,8.79,8.8,8.81,8.82,8.83,8.84,8.85,8.86,8.87,21500,500,7400,22800,80000,300,8600,5100,5200,7800,32500,6800,900,1300,5300,2000,5900,18700,3100,24200
283.0,8.78,646500,5659245.0,8.77,8.76,8.75,8.74,8.73,8.72,8.7,8.69,8.68,8.67,8.78,8.79,8.8,8.81,8.82,8.83,8.84,8.85,8.86,8.87,21500,500,7400,22800,80000,300,8600,5100,5200,7800,32500,6800,900,1300,5300,2000,5900,18700,3100,24200
284.0,8.78,647600,5668903.0,8.77,8.76,8.75,8.74,8.73,8.72,8.7,8.69,8.68,8.67,8.78,8.79,8.8,8.81,8.82,8.83,8.84,8.85,8.86,8.87,21500,500,7400,22800,80000,300,8600,5100,5200,7800,31400,6800,900,1300,5300,2000,5900,18700,3100,24200
285.0,8.78,647600,5668903.0,8.77,8.76,8.75,8.74,8.73,8.72,8.7,8.69,8.68,8.67,8.78,8.79,8.8,8.81,8.82,8.83,8.84,8.85,8.86,8.87,21500,500,7400,22800,80000,300,8600,5100,5200,7800,31400,6800,900,1300,5300,2000,5900,18700,3100,24200
286.0,8.78,647600,5668903.0,8.77,8.76,8.75,8.74,8.73,8.72,8.7,8.69,8.68,8.67,8.78,8.79,8.8,8.81,8.82,8.83,8.84,8.85,8.86,8.87,21500,500,7400,22800,80000,300,8600,5100,5200,7800,31400,6800,900,1300,5300,2000,5900,18700,3100,24200
287.0,8.78,649900,5689097.0,8.77,8.76,8.75,8.74,8.73,8.72,8.7,8.69,8.68,8.67,8.78,8.79,8.8,8.81,8.82,8.83,8.84,8.85,8.86,8.87,21500,500,7400,22800,32800,300,8600,5100,5200,7800,29100,6800,900,1300,5300,2000,5900,18700,3100,24200
288.0,8.78,652100,5708413.0,8.77,8.76,8.75,8.74,8.73,8.72,8.7,8.69,8.68,8.67,8.78,8.79,8.8,8.81,8.82,8.83,8.84,8.85,8.86,8.87,21500,1700,7400,22800,32800,300,8600,5100,5200,7800,26900,6800,900,1300,5300,2000,5900,18700,3100,24200
289.0,8.78,652300,5710169.0,8.77,8.76,8.75,8.74,8.73,8.72,8.7,8.69,8.68,8.67,8.78,8.79,8.8,8.81,8.82,8.83,8.84,8.85,8.86,8.87,21500,1700,7400,27800,32800,300,8600,5100,5200,7800,26700,6800,900,1300,5300,2000,5900,18700,3100,24200
290.0,8.78,652600,5712803.0,8.77,8.76,8.75,8.74,8.73,8.72,8.7,8.69,8.68,8.67,8.78,8.79,8.8,8.81,8.82,8.83,8.84,8.85,8.86,8.87,21500,1400,7400,27800,32800,300,8600,5100,5200,7800,26500,6800,900,1300,5300,2000,5900,18700,3100,24200
291.0,8.78,653700,5722461.0,8.77,8.76,8.75,8.74,8.73,8.72,8.7,8.69,8.68,8.67,8.78,8.79,8.8,8.81,8.82,8.83,8.84,8.85,8.86,8.87,21500,1400,7400,27800,32800,300,8600,5100,5200,7800,25400,6800,900,1300,5300,2000,5900,18700,3100,24200
292.0,8.78,653700,5722461.0,8.77,8.76,8.75,8.74,8.73,8.72,8.7,8.69,8.68,8.67,8.78,8.79,8.8,8.81,8.82,8.83,8.84,8.85,8.86,8.87,21500,1400,7400,27800,32800,300,8600,5100,5200,7800,25400,6800,900,1300,5300,2000,5900,18700,3100,24200
293.0,8.78,653700,5722461.0,8.77,8.76,8.75,8.74,8.73,8.72,8.7,8.69,8.68,8.67,8.78,8.79,8.8,8.81,8.82,8.83,8.84,8.85,8.86,8.87,21500,1400,7400,27800,32800,300,8600,5100,5200,7800,25400,6800,900,1300,5300,2000,5900,18700,3100,24200
294.0,8.78,653700,5722461.0,8.77,8.76,8.75,8.74,8.73,8.72,8.7,8.69,8.68,8.67,8.78,8.79,8.8,8.81,8.82,8.83,8.84,8.85,8.86,8.87,21500,1400,7400,27800,32800,300,8600,5100,5200,7800,25400,6800,1800,1300,5300,2000,5900,18700,3100,24200
295.0,8.78,654800,5732119.0,8.77,8.76,8.75,8.74,8.73,8.72,8.7,8.69,8.68,8.67,8.78,8.79,8.8,8.81,8.82,8.83,8.84,8.85,8.86,8.87,21700,1400,7400,27800,32800,300,8600,5100,5200,7800,24300,6800,1800,1300,5300,2000,5900,18700,3100,24200
296.0,8.78,655900,5741777.0,8.77,8.76,8.75,8.74,8.73,8.72,8.7,8.69,8.68,8.67,8.78,8.79,8.8,8.81,8.82,8.83,8.84,8.85,8.86,8.87,21700,1400,7400,27800,32800,300,8600,5100,5200,7800,23200,6800,1800,1300,5300,2000,5900,18700,3100,24200
297.0,8.78,679100,5945473.0,8.78,8.77,8.76,8.75,8.74,8.73,8.72,8.7,8.69,8.68,8.79,8.8,8.81,8.82,8.83,8.84,8.85,8.86,8.87,8.88,10300,21600,1400,7400,27700,32800,300,8600,5100,5200,6800,1800,1300,5300,2000,5900,18700,3100,24200,11800
298.0,8.79,681000,5962174.0,8.78,8.77,8.76,8.75,8.74,8.73,8.72,8.7,8.69,8.68,8.79,8.8,8.81,8.82,8.83,8.84,8.85,8.86,8.87,8.88,10300,21600,1400,7900,27700,32800,300,8600,5100,5200,4900,1800,1300,5300,2000,5900,18700,3100,24200,11800
299.0,8.79,681500,5966569.0,8.78,8.77,8.76,8.75,8.74,8.73,8.72,8.7,8.69,8.68,8.79,8.8,8.81,8.82,8.83,8.84,8.85,8.86,8.87,8.88,10500,21600,1400,7900,27700,32800,300,8600,5100,5200,4400,1800,1300,5300,2000,5900,18700,3100,24200,11800
300.0,8.79,681500,5966569.0,8.78,8.77,8.76,8.75,8.74,8.73,8.72,8.7,8.69,8.68,8.79,8.8,8.81,8.82,8.83,8.84,8.85,8.86,8.87,8.88,10500,21600,1400,7900,27700,32800,300,8600,5100,5200,4400,1800,1300,5300,2000,5900,18700,3100,24200,11800
301.0,8.79,681500,5966569.0,8.78,8.77,8.76,8.75,8.74,8.73,8.72,8.7,8.69,8.68,8.79,8.8,8.81,8.82,8.83,8.84,8.85,8.86,8.87,8.88,10500,21600,200,7900,27700,32800,300,8600,5100,5200,4400,1800,1300,5300,2000,5900,18700,3100,24200,11800
302.0,8.78,682300,5973597.0,8.78,8.77,8.76,8.75,8.74,8.73,8.72,8.7,8.69,8.68,8.79,8.8,8.81,8.82,8.83,8.84,8.85,8.86,8.87,8.88,10200,21600,200,7900,27700,32800,300,8600,5100,5200,4000,1800,1300,5300,2000,5900,18700,3100,24200,11800
303.0,8.79,682700,5977113.0,8.78,8.77,8.76,8.75,8.74,8.73,8.72,8.7,8.69,8.68,8.79,8.8,8.81,8.82,8.83,8.84,8.85,8.86,8.87,8.88,10200,21600,200,7900,27700,32800,300,8600,5100,5200,3600,1800,1300,5300,2000,5900,18700,3100,24200,11800
304.0,8.79,682700,5977113.0,8.78,8.77,8.76,8.75,8.74,8.73,8.72,8.7,8.69,8.68,8.79,8.8,8.81,8.82,8.83,8.84,8.85,8.86,8.87,8.88,10200,21600,200,7900,27700,32800,300,8600,5100,5200,3600,1800,1300,5300,2000,5900,18700,3100,24200,11800
305.0,8.79,683000,5979750.0,8.78,8.77,8.76,8.75,8.74,8.73,8.72,8.7,8.69,8.68,8.79,8.8,8.81,8.82,8.83,8.84,8.85,8.86,8.87,8.88,10200,21600,200,7900,27700,32800,300,8600,5100,5200,3300,1800,1400,5300,2000,5900,18700,3100,24200,11800
306.0,8.79,683100,5980629.0,8.78,8.77,8.76,8.75,8.74,8.73,8.72,8.7,8.69,8.68,8.79,8.8,8.81,8.82,8.83,8.84,8.85,8.86,8.87,8.88,10200,21600,200,7900,20700,32800,300,8600,5100,5200,3200,1800,1400,5300,2000,5900,18700,3100,24200,11800
307.0,8.79,683200,5981508.0,8.78,8.77,8.76,8.75,8.74,8.73,8.72,8.7,8.69,8.68,8.79,8.8,8.81,8.82,8.83,8.84,8.85,8.86,8.87,8.88,10200,21600,200,7900,20700,32800,300,8600,5100,5200,3100,1800,1400,5300,2000,5900,18700,3100,24200,11800
308.0,8.79,683500,5984145.0,8.78,8.77,8.76,8.75,8.74,8.73,8.72,8.7,8.69,8.68,8.79,8.8,8.81,8.82,8.83,8.84,8.85,8.86,8.87,8.88,10200,21600,200,7900,20700,32800,300,8600,5100,5200,2800,1800,1400,5300,2000,5900,18700,3100,24200,11800
309.0,8.79,683500,5984145.0,8.78,8.77,8.76,8.75,8.74,8.73,8.72,8.7,8.69,8.68,8.79,8.8,8.81,8.82,8.83,8.84,8.85,8.86,8.87,8.88,10200,21600,200,7900,20700,32800,300,8600,5100,5200,2800,1800,1400,5300,2000,5900,18700,3100,24200,11800
310.0,8.79,684200,5990298.0,8.78,8.77,8.76,8.75,8.74,8.73,8.72,8.7,8.69,8.68,8.79,8.8,8.81,8.82,8.83,8.84,8.85,8.86,8.87,8.88,10200,21600,200,7900,20700,32800,300,8600,5100,5200,2100,1800,1400,5300,2000,5900,18700,3100,24200,11800
311.0,8.79,684500,5992935.0,8.78,8.77,8.76,8.75,8.74,8.73,8.72,8.7,8.69,8.68,8.79,8.8,8.81,8.82,8.83,8.84,8.85,8.86,8.87,8.88,10200,21600,200,7900,20700,32800,300,8600,5100,5200,1800,1800,1400,5300,2000,5900,18700,3100,24200,11800
312.0,8.79,684600,5993814.0,8.78,8.77,8.76,8.75,8.74,8.73,8.72,8.7,8.69,8.68,8.79,8.8,8.81,8.82,8.83,8.84,8.85,8.86,8.87,8.88,10200,21600,200,7900,20700,32800,300,8600,5100,5200,1700,1800,1400,5300,2000,5900,18700,3100,24200,11800
313.0,8.79,684600,5993814.0,8.78,8.77,8.76,8.75,8.74,8.73,8.72,8.7,8.69,8.68,8.79,8.8,8.81,8.82,8.83,8.84,8.85,8.86,8.87,8.88,10200,21600,200,7900,20700,32800,300,8600,5100,5200,1700,1800,1400,5300,2000,5900,18700,3100,24200,11800
314.0,8.79,684600,5993814.0,8.78,8.77,8.76,8.75,8.74,8.73,8.72,8.7,8.69,8.68,8.79,8.8,8.81,8.82,8.83,8.84,8.85,8.86,8.87,8.88,10200,21600,200,7900,20700,32800,300,6600,5100,5200,1700,1800,1400,5300,2000,5900,18700,3100,24200,11800
315.0,8.79,684700,5994693.0,8.78,8.77,8.76,8.75,8.74,8.73,8.72,8.7,8.69,8.68,8.79,8.8,8.81,8.82,8.83,8.84,8.85,8.86,8.87,8.88,10200,21600,200,7900,20700,32800,300,6600,5100,5200,1600,1800,1400,5300,2000,5900,18700,3100,24200,11800
316.0,8.82,689700,6038695.0,8.78,8.77,8.76,8.75,8.74,8.73,8.72,8.7,8.69,8.68,8.82,8.83,8.84,8.85,8.86,8.87,8.88,8.89,8.9,8.92,10300,21600,200,7900,20700,32800,300,6600,5100,5200,5100,2000,5900,18700,3100,24200,11800,400,1800,1000
317.0,8.82,689700,6038695.0,8.79,8.78,8.77,8.76,8.75,8.74,8.73,8.72,8.7,8.69,8.8,8.82,8.83,8.84,8.85,8.86,8.87,8.88,8.89,8.9,1900,10500,21600,200,7900,20700,32800,300,6600,5100,100,5400,2000,5900,18700,3100,24200,11800,400,1800
318.0,8.82,689700,6038695.0,8.79,8.78,8.77,8.76,8.75,8.74,8.73,8.72,8.7,8.69,8.8,8.82,8.83,8.84,8.85,8.86,8.87,8.88,8.89,8.9,1900,10500,21600,200,7900,20700,32800,300,6600,5100,100,5400,2000,5900,18700,3100,24200,11800,400,1800
319.0,8.82,689700,6038695.0,8.79,8.78,8.77,8.76,8.75,8.74,8.73,8.72,8.7,8.69,8.8,8.82,8.83,8.84,8.85,8.86,8.87,8.88,8.89,8.9,2000,10500,21600,200,7900,20700,32800,300,6600,5100,100,5400,2000,5900,18700,3100,24200,11800,400,1800
320.0,8.82,689700,6038695.0,8.79,8.78,8.77,8.76,8.75,8.74,8.73,8.72,8.7,8.69,8.8,8.82,8.83,8.84,8.85,8.86,8.87,8.88,8.89,8.9,2300,10500,21600,200,7900,20700,32800,300,6600,5100,100,5400,2000,5900,18700,3100,24200,11800,400,1800
321.0,8.82,689700,6038695.0,8.79,8.78,8.77,8.76,8.75,8.74,8.73,8.72,8.7,8.69,8.8,8.82,8.83,8.84,8.85,8.86,8.87,8.88,8.89,8.9,2300,10500,21600,200,9900,20700,32800,300,6600,5100,100,5400,2000,5900,18700,3100,24200,11800,400,1800
322.0,8.82,689700,6038695.0,8.79,8.78,8.77,8.76,8.75,8.74,8.73,8.72,8.7,8.69,8.8,8.82,8.83,8.84,8.85,8.86,8.87,8.88,8.89,8.9,2800,10500,21600,200,9900,20700,32800,300,6600,5100,100,5400,2000,5900,18700,3100,24200,11800,400,1800
323.0,8.82,689700,6038695.0,8.79,8.78,8.77,8.76,8.75,8.74,8.73,8.72,8.7,8.69,8.8,8.82,8.83,8.84,8.85,8.86,8.87,8.88,8.89,8.9,2800,10500,21600,200,9900,20700,32800,300,6600,5100,100,5400,2000,5900,18700,3100,24200,11800,400,1800
324.0,8.82,689700,6038695.0,8.79,8.78,8.77,8.76,8.75,8.74,8.73,8.72,8.7,8.69,8.8,8.82,8.83,8.84,8.85,8.86,8.87,8.88,8.89,8.9,2800,10500,21600,200,9900,20700,32800,300,6600,5100,100,5400,2000,5900,18700,3100,24200,11800,400,1800
325.0,8.82,689700,6038695.0,8.79,8.78,8.77,8.76,8.75,8.74,8.73,8.72,8.7,8.69,8.8,8.82,8.83,8.84,8.85,8.86,8.87,8.88,8.89,8.9,2800,10500,21600,200,9900,20700,32800,300,6600,5100,100,5400,2000,5900,18700,3100,24200,11800,400,1800
326.0,8.82,689700,6038695.0,8.79,8.78,8.77,8.76,8.75,8.74,8.73,8.72,8.7,8.69,8.8,8.82,8.83,8.84,8.85,8.86,8.87,8.88,8.89,8.9,2800,10500,21600,200,9900,20700,32800,300,6600,5100,100,5400,2000,5900,18700,3100,24200,11800,400,1800
327.0,8.82,689700,6038695.0,8.79,8.78,8.77,8.76,8.75,8.74,8.73,8.72,8.7,8.69,8.8,8.82,8.83,8.84,8.85,8.86,8.87,8.88,8.89,8.9,2800,10500,21600,200,9900,20700,32800,300,6600,5100,100,5400,2000,5900,18700,3100,24200,11800,400,1800
328.0,8.82,691600,6055453.0,8.79,8.78,8.77,8.76,8.75,8.74,8.73,8.72,8.7,8.69,8.82,8.83,8.84,8.85,8.86,8.87,8.88,8.89,8.9,8.92,3000,10400,21600,200,9900,21200,32800,300,6600,5100,3500,2000,5900,18700,3100,24200,11800,400,1800,1000
329.0,8.82,691600,6055453.0,8.79,8.78,8.77,8.76,8.75,8.74,8.73,8.72,8.7,8.69,8.82,8.83,8.84,8.85,8.86,8.87,8.88,8.89,8.9,8.92,3300,10400,21600,200,9900,21200,32800,300,6600,5100,3800,2000,5900,18700,3100,24200,11800,400,1800,1000
330.0,8.82,691600,6055453.0,8.79,8.78,8.77,8.76,8.75,8.74,8.73,8.72,8.7,8.69,8.82,8.83,8.84,8.85,8.86,8.87,8.88,8.89,8.9,8.92,4100,10400,21600,200,9900,21200,32800,300,6600,5100,4600,2000,5900,18700,3100,24200,11800,400,1800,1000
331.0,8.82,691600,6055453.0,8.79,8.78,8.77,8.76,8.75,8.74,8.73,8.72,8.7,8.69,8.82,8.83,8.84,8.85,8.86,8.87,8.88,8.89,8.9,8.92,4400,10400,21600,200,9900,21200,32800,300,6600,5100,4900,2000,5900,18700,3100,24200,11800,400,1800,1000
332.0,8.79,692100,6059848.0,8.79,8.78,8.77,8.76,8.75,8.74,8.73,8.72,8.7,8.69,8.81,8.82,8.83,8.84,8.85,8.86,8.87,8.88,8.89,8.9,4700,10400,21600,200,9900,21200,32800,300,6600,5100,100,5700,2000,5900,18700,3100,24200,11800,400,1800
333.0,8.79,692100,6059848.0,8.79,8.78,8.77,8.76,8.75,8.74,8.73,8.72,8.7,8.69,8.8,8.81,8.82,8.83,8.84,8.85,8.86,8.87,8.88,8.89,5000,10400,21600,200,9900,21200,32800,300,6600,5100,3000,400,5700,2000,5900,18700,3100,24200,11800,400
334.0,8.79,692100,6059848.0,8.79,8.78,8.77,8.76,8.75,8.74,8.73,8.72,8.7,8.69,8.8,8.81,8.82,8.83,8.84,8.85,8.86,8.87,8.88,8.89,5000,10400,21600,200,9900,21200,32800,300,6600,5100,3000,400,5700,2000,5900,18700,3100,24200,11800,400
335.0,8.79,692600,6064243.0,8.79,8.78,8.77,8.76,8.75,8.74,8.73,8.72,8.7,8.69,8.8,8.81,8.82,8.83,8.84,8.85,8.86,8.87,8.88,8.89,4500,10400,21600,200,9900,21200,32800,300,8600,5100,3100,400,5700,2000,5900,18700,3100,24200,11800,400
336.0,8.79,692600,6064243.0,8.79,8.78,8.77,8.76,8.75,8.74,8.73,8.72,8.7,8.69,8.8,8.81,8.82,8.83,8.84,8.85,8.86,8.87,8.88,8.89,4500,10400,21600,200,9900,21200,32800,300,8600,5100,3100,400,5700,2000,5900,18700,3100,24200,11800,400
337.0,8.79,692600,6064243.0,8.79,8.78,8.77,8.76,8.75,8.74,8.73,8.72,8.7,8.69,8.8,8.81,8.82,8.83,8.84,8.85,8.86,8.87,8.88,8.89,4500,10400,21600,200,9900,21200,32800,300,8600,5100,3100,400,5700,2000,5900,18700,3100,24200,11800,400
338.0,8.8,696100,6095039.0,8.79,8.78,8.77,8.76,8.75,8.74,8.73,8.72,8.7,8.69,8.81,8.82,8.83,8.84,8.85,8.86,8.87,8.88,8.89,8.9,4200,10400,21600,200,9900,21200,32800,300,8600,5100,400,5700,2000,5900,18700,3100,24200,11800,400,1800
339.0,8.8,696100,6095039.0,8.79,8.78,8.77,8.76,8.75,8.74,8.73,8.72,8.7,8.69,8.81,8.82,8.83,8.84,8.85,8.86,8.87,8.88,8.89,8.9,5000,10400,21600,200,9900,21200,32800,300,8600,5100,1600,5700,2000,5900,18700,3300,24200,11800,400,1800
340.0,8.81,696700,6100325.0,8.79,8.78,8.77,8.76,8.75,8.74,8.73,8.72,8.7,8.69,8.81,8.82,8.83,8.84,8.85,8.86,8.87,8.88,8.89,8.9,5400,10400,21600,200,9900,21200,32800,300,8600,5100,1000,5700,2000,5900,18700,3300,24200,11800,400,1800
341.0,8.81,697600,6108244.0,8.79,8.78,8.77,8.76,8.75,8.74,8.73,8.72,8.7,8.69,8.81,8.82,8.83,8.84,8.85,8.86,8.87,8.88,8.89,8.9,5900,10400,21600,200,9900,21200,32800,300,8600,5100,1600,5700,2000,5900,18700,3300,24200,11800,400,1800
342.0,8.81,697600,6108244.0,8.79,8.78,8.77,8.76,8.75,8.74,8.73,8.72,8.7,8.69,8.81,8.82,8.83,8.84,8.85,8.86,8.87,8.88,8.89,8.9,6300,10400,21600,200,9900,21200,32800,300,8600,5100,2000,5700,2000,5900,18700,3300,24200,11800,400,1800
343.0,8.81,697600,6108244.0,8.79,8.78,8.77,8.76,8.75,8.74,8.73,8.72,8.7,8.69,8.81,8.82,8.83,8.84,8.85,8.86,8.87,8.88,8.89,8.9,7200,10400,21600,200,9900,21200,32800,300,8600,5100,2900,5700,2000,5900,18700,3300,24200,11800,400,1800
344.0,8.79,698300,6114397.0,8.79,8.78,8.77,8.76,8.75,8.74,8.73,8.72,8.7,8.69,8.81,8.82,8.83,8.84,8.85,8.86,8.87,8.88,8.89,8.9,6900,10400,21600,200,9900,21200,32800,300,8600,5100,3300,5700,2000,5900,18700,3300,24200,11800,400,1800
345.0,8.81,698900,6119683.0,8.79,8.78,8.77,8.76,8.75,8.74,8.73,8.72,8.7,8.69,8.81,8.82,8.83,8.84,8.85,8.86,8.87,8.88,8.89,8.9,7500,10400,21600,200,9900,21200,32800,300,8600,5100,3500,5700,2000,5900,18700,3300,24200,11800,400,1800
346.0,8.81,699100,6121445.0,8.79,8.78,8.77,8.76,8.75,8.74,8.73,8.72,8.7,8.69,8.81,8.82,8.83,8.84,8.85,8.86,8.87,8.88,8.89,8.9,8100,10400,21600,600,9900,21200,32800,300,8600,5100,3700,5700,2000,5900,18700,3300,24200,11800,400,1800
347.0,8.79,699900,6128477.0,8.79,8.78,8.77,8.76,8.75,8.74,8.73,8.72,8.7,8.69,8.81,8.82,8.83,8.84,8.85,8.86,8.87,8.88,8.89,8.9,7300,10400,21600,600,9900,21200,32800,300,8600,5100,3700,5700,2000,5900,18700,3300,24200,11800,400,1800
348.0,8.79,700900,6137285.0,8.79,8.78,8.77,8.76,8.75,8.74,8.73,8.72,8.7,8.69,8.81,8.82,8.83,8.84,8.85,8.86,8.87,8.88,8.89,8.9,8000,10400,21600,600,9900,21200,32800,300,8600,5100,17400,6500,2000,5900,18700,3300,24200,11800,400,1800
349.0,8.79,700900,6137285.0,8.79,8.78,8.77,8.76,8.75,8.74,8.73,8.72,8.7,8.69,8.81,8.82,8.83,8.84,8.85,8.86,8.87,8.88,8.89,8.9,8400,10400,21600,600,9900,21200,32800,300,8600,5100,17800,6500,2000,5900,18700,3300,24200,11800,400,1800
350.0,8.79,704300,6167171.0,8.79,8.78,8.77,8.76,8.75,8.74,8.73,8.72,8.7,8.69,8.81,8.82,8.83,8.84,8.85,8.86,8.87,8.88,8.89,8.9,5000,10400,21600,600,9900,21200,32800,300,8600,5100,17900,6300,2000,5900,18700,3300,24200,11800,400,1800
351.0,8.79,704600,6169808.0,8.79,8.78,8.77,8.76,8.75,8.74,8.73,8.72,8.7,8.69,8.81,8.82,8.83,8.84,8.85,8.86,8.87,8.88,8.89,8.9,5300,10400,21600,600,9900,21200,32800,300,8600,5100,18500,6300,2000,5900,18700,3300,24200,11800,400,1800
352.0,8.79,704600,6169808.0,8.79,8.78,8.77,8.76,8.75,8.74,8.73,8.72,8.7,8.69,8.81,8.82,8.83,8.84,8.85,8.86,8.87,8.88,8.89,8.9,5300,10400,21600,600,9900,21200,32800,300,8600,5100,18500,6300,2000,5900,18700,3300,24200,11800,400,1800
353.0,8.79,704600,6169808.0,8.79,8.78,8.77,8.76,8.75,8.74,8.73,8.72,8.7,8.69,8.81,8.82,8.83,8.84,8.85,8.86,8.87,8.88,8.89,8.9,5300,10400,21600,600,9900,21200,32800,300,8600,5100,18600,6300,2000,5900,18700,3300,24200,11800,400,1800
354.0,8.79,705500,6177721.0,8.79,8.78,8.77,8.76,8.75,8.74,8.73,8.72,8.7,8.69,8.81,8.82,8.83,8.84,8.85,8.86,8.87,8.88,8.89,8.9,5100,10400,21600,600,9900,21200,32800,300,8600,5100,19100,6300,2000,5900,18700,3300,24200,11800,400,1800
355.0,8.81,706600,6187412.0,8.79,8.78,8.77,8.76,8.75,8.74,8.73,8.72,8.7,8.69,8.81,8.82,8.83,8.84,8.85,8.86,8.87,8.88,8.89,8.9,5200,10400,21600,600,9900,21200,32800,300,8600,5100,17900,6300,2000,5900,18700,3300,24200,11800,1500,1800
356.0,8.79,706700,6188291.0,8.79,8.78,8.77,8.76,8.75,8.74,8.73,8.72,8.7,8.69,8.8,8.81,8.82,8.83,8.84,8.85,8.86,8.87,8.88,8.89,5700,10400,21600,600,9900,21200,32800,300,8600,5100,300,18500,6300,2000,5900,18700,3300,24200,11800,1500
357.0,8.79,707200,6192686.0,8.79,8.78,8.77,8.76,8.75,8.74,8.73,8.72,8.7,8.69,8.8,8.81,8.82,8.83,8.84,8.85,8.86,8.87,8.88,8.89,5200,10400,21600,600,9900,21200,32800,300,8600,5100,300,18500,6300,2000,5900,18700,3300,24200,11800,1500
358.0,8.79,707200,6192686.0,8.79,8.78,8.77,8.76,8.75,8.74,8.73,8.72,8.7,8.69,8.8,8.81,8.82,8.83,8.84,8.85,8.86,8.87,8.88,8.89,5200,10400,21600,600,9900,21200,32800,300,8600,5100,300,18500,6300,2000,5900,18700,3300,24200,11800,1500
359.0,8.79,707200,6192686.0,8.79,8.78,8.77,8.76,8.75,8.74,8.73,8.72,8.7,8.69,8.8,8.81,8.82,8.83,8.84,8.85,8.86,8.87,8.88,8.89,5200,10400,21600,600,9900,21200,32800,300,8600,5100,300,18500,6300,2000,5900,18700,3300,24200,11800,1500
360.0,8.79,707800,6197960.0,8.79,8.78,8.77,8.76,8.75,8.74,8.73,8.72,8.7,8.69,8.8,8.81,8.82,8.83,8.84,8.85,8.86,8.87,8.88,8.89,4600,11100,21600,600,9900,21200,32800,300,8600,5100,300,18500,6300,2000,5900,18700,3300,24200,11800,1500
361.0,8.79,707800,6197960.0,8.79,8.78,8.77,8.76,8.75,8.74,8.73,8.72,8.7,8.69,8.8,8.81,8.82,8.83,8.84,8.85,8.86,8.87,8.88,8.89,4700,12800,21600,600,9900,21200,32800,300,8600,5100,300,18500,6300,2000,5900,18700,3300,24200,11800,1500
362.0,8.8,709000,6208516.0,8.79,8.78,8.77,8.76,8.75,8.74,8.73,8.72,8.7,8.69,8.81,8.82,8.83,8.84,8.85,8.86,8.87,8.88,8.89,8.9,4700,12800,21600,600,9900,21200,32800,300,8600,6100,18500,6300,2000,6900,18700,3300,24200,11800,1500,1800
363.0,8.79,710500,6221723.0,8.79,8.78,8.77,8.76,8.75,8.74,8.73,8.72,8.7,8.69,8.81,8.82,8.83,8.84,8.85,8.86,8.87,8.88,8.89,8.9,4800,12800,21600,600,9900,21200,32800,300,8600,6100,17400,6300,2000,6900,18700,3300,24200,11800,1500,1800
364.0,8.79,710500,6221723.0,8.79,8.78,8.77,8.76,8.75,8.74,8.73,8.72,8.7,8.69,8.81,8.82,8.83,8.84,8.85,8.86,8.87,8.88,8.89,8.9,6100,12800,21600,600,9900,21200,32800,300,8600,6100,17600,6300,2000,6900,18700,3300,24200,11800,1500,1800
365.0,8.79,710600,6222602.0,8.79,8.78,8.77,8.76,8.75,8.74,8.73,8.72,8.7,8.69,8.81,8.82,8.83,8.84,8.85,8.86,8.87,8.88,8.89,8.9,6000,12800,21600,600,9900,21200,32800,300,8600,6100,17600,6300,2000,6900,18700,3300,24200,11800,1500,1800
366.0,8.79,710600,6222602.0,8.79,8.78,8.77,8.76,8.75,8.74,8.73,8.72,8.7,8.69,8.81,8.82,8.83,8.84,8.85,8.86,8.87,8.88,8.89,8.9,6300,12800,21600,400,9900,21200,32800,300,8600,6100,17800,6300,2000,6900,18700,3300,24200,11800,1500,1800
367.0,8.79,711200,6227876.0,8.79,8.78,8.77,8.76,8.75,8.74,8.73,8.72,8.7,8.69,8.81,8.82,8.83,8.84,8.85,8.86,8.87,8.88,8.89,8.9,5900,12800,21600,400,9900,21200,32800,300,8600,6100,17800,6300,2000,6900,18700,3300,24200,11800,1500,1800
368.0,8.79,711200,6227876.0,8.79,8.78,8.77,8.76,8.75,8.74,8.73,8.72,8.7,8.69,8.81,8.82,8.83,8.84,8.85,8.86,8.87,8.88,8.89,8.9,6600,12800,21600,400,9900,21200,32800,300,8600,6100,18000,6300,2000,6900,18700,3300,24200,11800,1500,1800
369.0,8.79,711200,6227876.0,8.79,8.78,8.77,8.76,8.75,8.74,8.73,8.72,8.7,8.69,8.81,8.82,8.83,8.84,8.85,8.86,8.87,8.88,8.89,8.9,8200,12800,21600,400,9900,21200,32800,300,8600,6100,18000,6300,2000,6900,18700,3300,24200,11800,1500,1800
370.0,8.81,713100,6244599.0,8.79,8.78,8.77,8.76,8.75,8.74,8.73,8.72,8.71,8.7,8.81,8.82,8.83,8.84,8.85,8.86,8.87,8.88,8.89,8.9,7400,12800,21600,400,9900,21200,32800,300,2000,8600,16900,6300,2000,6900,18700,3300,24200,11800,1500,1800
371.0,8.81,727800,6374106.0,8.79,8.78,8.77,8.76,8.75,8.74,8.73,8.72,8.71,8.7,8.81,8.82,8.83,8.84,8.85,8.86,8.87,8.88,8.89,8.9,16200,12800,21600,400,9900,21200,32800,300,2000,8600,2300,3600,2000,6900,18700,3300,24200,11800,1500,1800
372.0,8.79,728100,6376743.0,8.79,8.78,8.77,8.76,8.75,8.74,8.73,8.72,8.71,8.7,8.81,8.82,8.83,8.84,8.85,8.86,8.87,8.88,8.89,8.9,15900,12600,21600,400,9900,21200,32800,300,2000,8600,2300,4600,2000,6900,18700,3300,24200,11800,1500,1800
373.0,8.79,728100,6376743.0,8.79,8.78,8.77,8.76,8.75,8.74,8.73,8.72,8.71,8.7,8.81,8.82,8.83,8.84,8.85,8.86,8.87,8.88,8.89,8.9,16100,12600,21600,400,9900,21200,32800,300,2000,8600,2500,4600,2000,6900,18700,3300,24200,11800,1500,1800
374.0,8.81,729600,6389936.0,8.79,8.78,8.77,8.76,8.75,8.74,8.73,8.72,8.71,8.7,8.81,8.82,8.83,8.84,8.85,8.86,8.87,8.88,8.89,8.9,15200,12600,21600,400,9900,21200,32800,300,2000,8600,2100,4600,2000,6900,18700,3300,24200,11800,1500,1800
375.0,8.81,729800,6391698.0,8.79,8.78,8.77,8.76,8.75,8.74,8.73,8.72,8.71,8.7,8.81,8.82,8.83,8.84,8.85,8.86,8.87,8.88,8.89,8.9,15200,12600,21600,400,9900,21200,32800,300,2000,8600,1900,4600,2000,6900,18700,3300,24200,11800,1500,1800
376.0,8.81,729800,6391698.0,8.79,8.78,8.77,8.76,8.75,8.74,8.73,8.72,8.71,8.7,8.81,8.82,8.83,8.84,8.85,8.86,8.87,8.88,8.89,8.9,15400,12600,21600,400,9900,21200,32800,300,2000,8600,2100,4600,2000,6900,18700,3300,24200,11800,1500,1800
377.0,8.79,730900,6401367.0,8.79,8.78,8.77,8.76,8.75,8.74,8.73,8.72,8.71,8.7,8.81,8.82,8.83,8.84,8.85,8.86,8.87,8.88,8.89,8.9,14300,12600,21600,400,9900,21200,32800,300,2000,8600,2100,4600,2000,6900,18700,3300,24200,11800,1500,1800
378.0,8.81,731100,6403129.0,8.79,8.78,8.77,8.76,8.75,8.74,8.73,8.72,8.71,8.7,8.81,8.82,8.83,8.84,8.85,8.86,8.87,8.88,8.89,8.9,14500,12600,21600,400,9900,21200,32800,300,2000,8600,2100,4600,2000,6900,18700,3300,24200,12000,1500,1800
379.0,8.81,731100,6403129.0,8.79,8.78,8.77,8.76,8.75,8.74,8.73,8.72,8.71,8.7,8.81,8.82,8.83,8.84,8.85,8.86,8.87,8.88,8.89,8.9,14500,12600,21600,400,9900,21200,32800,300,2000,8600,2100,4600,2000,6900,18700,3300,24200,12000,1500,1800
380.0,8.79,732600,6416322.0,8.79,8.78,8.77,8.76,8.75,8.74,8.73,8.72,8.71,8.7,8.81,8.82,8.83,8.84,8.85,8.86,8.87,8.88,8.89,8.9,13400,12600,21600,400,9900,21200,32800,300,2000,8600,1700,4600,2000,6900,18700,3300,24200,12000,1500,1800
381.0,8.79,732600,6416322.0,8.79,8.78,8.77,8.76,8.75,8.74,8.73,8.72,8.71,8.7,8.81,8.82,8.83,8.84,8.85,8.86,8.87,8.88,8.89,8.9,14200,12600,21600,400,9900,21200,32800,300,2000,8600,1700,4600,2000,6900,18700,3300,24200,12000,1500,1800
382.0,8.79,732600,6416322.0,8.79,8.78,8.77,8.76,8.75,8.74,8.73,8.72,8.71,8.7,8.81,8.82,8.83,8.84,8.85,8.86,8.87,8.88,8.89,8.9,14200,12600,21600,400,9900,21200,32800,300,2000,8600,1700,4600,2000,6900,18700,3300,24200,12000,1500,1800
383.0,8.79,732600,6416322.0,8.79,8.78,8.77,8.76,8.75,8.74,8.73,8.72,8.71,8.7,8.81,8.82,8.83,8.84,8.85,8.86,8.87,8.88,8.89,8.9,14200,12600,21600,400,9900,21200,32800,300,2000,8600,1700,4600,2000,6900,18700,3300,24200,12000,1500,1800
384.0,8.79,733700,6425991.0,8.79,8.78,8.77,8.76,8.75,8.74,8.73,8.72,8.71,8.7,8.81,8.82,8.83,8.84,8.85,8.86,8.87,8.88,8.89,8.9,13100,12600,21600,400,9900,21200,32800,300,2000,8600,1700,4600,2000,6900,18700,3300,24200,12000,1500,1800
385.0,8.81,733800,6426872.0,8.79,8.78,8.77,8.76,8.75,8.74,8.73,8.72,8.71,8.7,8.81,8.82,8.83,8.84,8.85,8.86,8.87,8.88,8.89,8.9,13200,12600,21600,400,9900,21200,32800,300,2000,8600,1600,4600,2000,6900,18700,3300,24200,12000,1500,1800
386.0,8.81,733800,6426872.0,8.79,8.78,8.77,8.76,8.75,8.74,8.73,8.72,8.71,8.7,8.81,8.82,8.83,8.84,8.85,8.86,8.87,8.88,8.89,8.9,13200,12600,21600,400,9900,21200,32800,300,2000,8600,1600,4600,2000,6900,18700,3300,24200,12000,1500,1800
387.0,8.79,734900,6436541.0,8.79,8.78,8.77,8.76,8.75,8.74,8.73,8.72,8.71,8.7,8.81,8.82,8.83,8.84,8.85,8.86,8.87,8.88,8.89,8.9,12100,12600,21600,400,9900,21200,32800,300,2000,8600,1600,4600,2000,6900,18700,3300,24200,12000,1500,1800
388.0,8.79,734900,6436541.0,8.79,8.78,8.77,8.76,8.75,8.74,8.73,8.72,8.71,8.7,8.81,8.82,8.83,8.84,8.85,8.86,8.87,8.88,8.89,8.9,12100,12600,21600,400,9900,21200,32800,300,2000,8600,1600,4600,2000,6900,18700,3300,24200,12000,1500,1800
389.0,8.79,734900,6436541.0,8.79,8.78,8.77,8.76,8.75,8.74,8.73,8.72,8.71,8.7,8.81,8.82,8.83,8.84,8.85,8.86,8.87,8.88,8.89,8.9,12100,12600,21600,400,9900,21200,32800,300,2000,8600,1600,4600,2000,6900,18700,3300,24200,12000,1500,1800
390.0,8.79,734900,6436541.0,8.79,8.78,8.77,8.76,8.75,8.74,8.73,8.72,8.71,8.7,8.81,8.82,8.83,8.84,8.85,8.86,8.87,8.88,8.89,8.9,12100,12600,21600,400,9900,21200,32800,300,2000,8600,1600,4600,2000,6900,18700,3300,24200,12000,1500,1800
391.0,8.79,738200,6465548.0,8.79,8.78,8.77,8.76,8.75,8.74,8.73,8.72,8.71,8.7,8.81,8.82,8.83,8.84,8.85,8.86,8.87,8.88,8.89,8.9,8800,12600,21600,400,9900,21200,32800,300,2000,8600,1600,4600,2000,6900,18700,3300,24200,12000,1500,1800
392.0,8.79,738200,6465548.0,8.79,8.78,8.77,8.76,8.75,8.74,8.73,8.72,8.71,8.7,8.81,8.82,8.83,8.84,8.85,8.86,8.87,8.88,8.89,8.9,8800,12600,21600,400,9900,21200,32800,300,2000,8600,1600,4600,2000,6900,18700,3300,24200,12000,1500,1800
393.0,8.79,738400,6467308.0,8.79,8.78,8.77,8.76,8.75,8.74,8.73,8.72,8.71,8.7,8.81,8.82,8.83,8.84,8.85,8.86,8.87,8.88,8.89,8.9,8700,12600,21600,400,9900,21200,32800,300,2000,8600,1500,4600,2000,6900,18700,3300,24200,12000,1500,1800
394.0,8.79,739200,6474340.0,8.79,8.78,8.77,8.76,8.75,8.74,8.73,8.72,8.71,8.7,8.81,8.82,8.83,8.84,8.85,8.86,8.87,8.88,8.89,8.9,7900,12600,21600,400,9900,21200,32800,300,2000,8600,1500,4600,2000,6900,18700,3300,24200,12000,1500,1800
395.0,8.79,741200,6491920.0,8.79,8.78,8.77,8.76,8.75,8.74,8.73,8.72,8.71,8.7,8.81,8.82,8.83,8.84,8.85,8.86,8.87,8.88,8.89,8.9,5900,12600,21600,400,9900,21200,32800,300,2000,8600,1500,4900,2000,6900,18700,3300,24200,12000,1500,1800
396.0,8.79,741200,6491920.0,8.79,8.78,8.77,8.76,8.75,8.74,8.73,8.72,8.71,8.7,8.81,8.82,8.83,8.84,8.85,8.86,8.87,8.88,8.89,8.9,6000,12600,21600,400,9900,21200,32800,300,2000,8600,1500,4900,2000,6900,18700,3300,24200,12000,1500,1800
397.0,8.79,741900,6498075.0,8.79,8.78,8.77,8.76,8.75,8.74,8.73,8.72,8.71,8.7,8.81,8.82,8.83,8.84,8.85,8.86,8.87,8.88,8.89,8.9,5400,12600,21600,400,9900,21200,32800,300,2000,8600,11100,13400,2000,6900,18700,3300,24200,12000,1500,1800
398.0,8.79,742900,6506865.0,8.79,8.78,8.77,8.76,8.75,8.74,8.73,8.72,8.71,8.7,8.81,8.82,8.83,8.84,8.85,8.86,8.87,8.88,8.89,8.9,4500,12600,21600,400,9900,21200,32800,300,2000,8600,11100,13400,2000,6900,18700,3300,24200,12000,1500,1800
399.0,8.79,742900,6506865.0,8.79,8.78,8.77,8.76,8.75,8.74,8.73,8.72,8.71,8.7,8.81,8.82,8.83,8.84,8.85,8.86,8.87,8.88,8.89,8.9,4500,12600,21600,400,9900,21200,32800,300,2000,8600,11100,13400,2000,6900,18700,3300,24200,12000,1500,1800
400.0,8.81,744000,6516556.0,8.79,8.78,8.77,8.76,8.75,8.74,8.73,8.72,8.71,8.7,8.81,8.82,8.83,8.84,8.85,8.86,8.87,8.88,8.89,8.9,4500,12600,21600,400,9900,21200,32800,300,2000,8600,10000,13400,2000,6900,18700,3300,24200,12000,1500,1800
401.0,8.79,744400,6520072.0,8.79,8.78,8.77,8.76,8.75,8.74,8.73,8.72,8.71,8.7,8.81,8.82,8.83,8.84,8.85,8.86,8.87,8.88,8.89,8.9,4200,12600,21600,400,9900,21200,32800,300,2000,8600,10000,13400,2000,6900,18700,3300,24200,12000,1500,1800
402.0,8.81,745600,6530628.0,8.79,8.78,8.77,8.76,8.75,8.74,8.73,8.72,8.71,8.7,8.81,8.82,8.83,8.84,8.85,8.86,8.87,8.88,8.89,8.9,3400,12600,21600,400,9900,21200,32800,300,2000,8600,9600,13400,2000,6900,18700,3300,24200,12000,1500,1800
403.0,8.81,745600,6530628.0,8.79,8.78,8.77,8.76,8.75,8.74,8.73,8.72,8.71,8.7,8.81,8.82,8.83,8.84,8.85,8.86,8.87,8.88,8.89,8.9,3400,12600,21600,400,9900,21200,32800,300,2000,8600,9600,13400,2000,6900,18700,3300,24200,12000,1500,1800
404.0,8.79,745900,6533265.0,8.79,8.78,8.77,8.76,8.75,8.74,8.73,8.72,8.71,8.7,8.81,8.82,8.83,8.84,8.85,8.86,8.87,8.88,8.89,8.9,3100,12600,21600,400,9900,21200,32800,300,2000,8600,9600,13400,2000,6900,18700,3300,24200,12000,1500,1800
405.0,8.79,745900,6533265.0,8.79,8.78,8.77,8.76,8.75,8.74,8.73,8.72,8.71,8.7,8.81,8.82,8.83,8.84,8.85,8.86,8.87,8.88,8.89,8.9,3100,12600,21600,400,9900,21200,32800,300,2000,8600,9600,13400,2000,6900,18700,3300,24200,12000,1500,1800
406.0,8.79,745900,6533265.0,8.79,8.78,8.77,8.76,8.75,8.74,8.73,8.72,8.71,8.7,8.81,8.82,8.83,8.84,8.85,8.86,8.87,8.88,8.89,8.9,3100,12600,21600,400,9900,21200,32800,300,2000,8600,9600,13400,2000,6900,18700,3300,24200,12000,1500,1800
407.0,8.79,745900,6533265.0,8.79,8.78,8.77,8.76,8.75,8.74,8.73,8.72,8.71,8.7,8.81,8.82,8.83,8.84,8.85,8.86,8.87,8.88,8.89,8.9,3100,12600,21600,400,9900,21200,32800,300,2000,8600,9600,13400,2000,6900,18700,3300,24200,12000,1500,1800
408.0,8.81,747100,6543831.0,8.79,8.78,8.77,8.76,8.75,8.74,8.73,8.72,8.71,8.7,8.81,8.82,8.83,8.84,8.85,8.86,8.87,8.88,8.89,8.9,2800,12600,21600,400,9900,21200,32800,300,2000,8600,8700,13400,2000,6900,18700,3300,24200,12000,1500,1800
409.0,8.81,747100,6543831.0,8.79,8.78,8.77,8.76,8.75,8.74,8.73,8.72,8.71,8.7,8.81,8.82,8.83,8.84,8.85,8.86,8.87,8.88,8.89,8.9,2800,12600,21600,400,9900,21200,32800,300,2000,8600,8700,13400,2000,6900,18700,3300,24200,12000,1500,1800
410.0,8.81,754100,6605501.0,8.79,8.78,8.77,8.76,8.75,8.74,8.73,8.72,8.71,8.7,8.82,8.83,8.84,8.85,8.86,8.87,8.88,8.89,8.9,8.92,2800,12600,21600,400,9900,21200,32800,300,2000,8600,13400,2000,6900,18700,3300,24200,12000,1500,1800,1000
411.0,8.79,754300,6607259.0,8.79,8.78,8.77,8.76,8.75,8.74,8.73,8.72,8.71,8.7,8.82,8.83,8.84,8.85,8.86,8.87,8.88,8.89,8.9,8.92,2600,12600,21600,400,9900,21200,32800,300,2000,8600,13700,2000,6900,18700,3300,24200,12000,1500,1800,1000
412.0,8.79,754300,6607259.0,8.79,8.78,8.77,8.76,8.75,8.74,8.73,8.72,8.71,8.7,8.82,8.83,8.84,8.85,8.86,8.87,8.88,8.89,8.9,8.92,3500,12600,21600,400,9900,21200,32800,300,2000,8600,14300,2000,6900,18700,3300,24200,12000,1500,1800,1000
413.0,8.79,754300,6607259.0,8.79,8.78,8.77,8.76,8.75,8.74,8.73,8.72,8.71,8.7,8.82,8.83,8.84,8.85,8.86,8.87,8.88,8.89,8.9,8.92,3500,12600,21600,400,9900,21200,32800,300,2000,8600,14300,2000,6900,18700,3300,24200,12000,1500,1800,1000
414.0,8.79,755300,6616049.0,8.79,8.78,8.77,8.76,8.75,8.74,8.73,8.72,8.71,8.7,8.82,8.83,8.84,8.85,8.86,8.87,8.88,8.89,8.9,8.92,2700,12600,21600,400,9900,21200,32800,300,2000,8600,14500,2000,6900,18700,3300,24200,12000,1500,1800,1000
415.0,8.79,755300,6616049.0,8.79,8.78,8.77,8.76,8.75,8.74,8.73,8.72,8.71,8.7,8.82,8.83,8.84,8.85,8.86,8.87,8.88,8.89,8.9,8.92,3300,12600,21600,400,9900,21200,32800,300,2000,8600,15100,2000,6900,18700,3300,24200,12000,1500,1800,1000
416.0,8.82,756400,6625751.0,8.79,8.78,8.77,8.76,8.75,8.74,8.73,8.72,8.71,8.7,8.82,8.83,8.84,8.85,8.86,8.87,8.88,8.89,8.9,8.92,3300,12600,21600,400,9900,21200,32800,300,2000,8600,14000,2000,6900,18700,3300,24200,12000,1500,1800,1000
417.0,8.82,756400,6625751.0,8.79,8.78,8.77,8.76,8.75,8.74,8.73,8.72,8.71,8.7,8.82,8.83,8.84,8.85,8.86,8.87,8.88,8.89,8.9,8.92,3500,12600,21600,400,9900,21200,32800,300,2000,8600,14200,2000,6900,18700,3300,24200,12000,1500,1800,1000
418.0,8.82,756800,6629270.0,8.79,8.78,8.77,8.76,8.75,8.74,8.73,8.72,8.71,8.7,8.82,8.83,8.84,8.85,8.86,8.87,8.88,8.89,8.9,8.92,3800,12600,21600,400,9900,21200,32800,300,2000,8600,14700,2000,6900,18700,3300,24200,12000,1500,1800,1000
419.0,8.82,756800,6629270.0,8.79,8.78,8.77,8.76,8.75,8.74,8.73,8.72,8.71,8.7,8.82,8.83,8.84,8.85,8.86,8.87,8.88,8.89,8.9,8.92,4000,12600,21600,400,9900,21200,32800,300,2000,8600,14900,2000,6900,18700,3700,24200,12000,1500,1800,1000
420.0,8.82,756800,6629270.0,8.79,8.78,8.77,8.76,8.75,8.74,8.73,8.72,8.71,8.7,8.82,8.83,8.84,8.85,8.86,8.87,8.88,8.89,8.9,8.92,4600,12600,21600,400,9900,21200,32800,300,2000,8600,15500,2000,6900,18700,3700,24200,12000,1500,1800,1000
421.0,8.79,757200,6632786.0,8.79,8.78,8.77,8.76,8.75,8.74,8.73,8.72,8.71,8.7,8.82,8.83,8.84,8.85,8.86,8.87,8.88,8.89,8.9,8.92,4200,12600,21600,400,9900,21200,32800,300,2000,8600,15700,2000,6900,18700,3700,24200,12000,1500,1800,1000
422.0,8.79,757200,6632786.0,8.79,8.78,8.77,8.76,8.75,8.74,8.73,8.72,8.71,8.7,8.82,8.83,8.84,8.85,8.86,8.87,8.88,8.89,8.9,8.92,4400,12600,21600,400,9900,21200,32800,300,2000,8600,15700,12000,6900,18700,3700,24200,12000,1500,1800,1000
423.0,8.82,758300,6642488.0,8.8,8.79,8.78,8.77,8.76,8.75,8.74,8.73,8.72,8.71,8.82,8.83,8.84,8.85,8.86,8.87,8.88,8.89,8.9,8.92,500,4400,12600,21600,400,9900,21200,32800,300,2000,14600,12000,6900,18700,3700,24200,12000,1500,1800,1000
424.0,8.82,758300,6642488.0,8.8,8.79,8.78,8.77,8.76,8.75,8.74,8.73,8.72,8.71,8.82,8.83,8.84,8.85,8.86,8.87,8.88,8.89,8.9,8.92,500,4400,12600,21600,400,9900,21200,32800,300,2000,14600,12000,6900,18700,3700,24200,12000,1500,1800,1000
425.0,8.8,758400,6643368.0,8.8,8.79,8.78,8.77,8.76,8.75,8.74,8.73,8.72,8.71,8.82,8.83,8.84,8.85,8.86,8.87,8.88,8.89,8.9,8.92,1600,4300,12600,21600,400,9900,21200,32500,300,2000,14600,12000,6900,18700,3700,24200,12000,1500,1800,1000
426.0,8.82,758700,6646014.0,8.8,8.79,8.78,8.77,8.76,8.75,8.74,8.73,8.72,8.71,8.81,8.82,8.83,8.84,8.85,8.86,8.87,8.88,8.89,8.9,1600,4300,12600,21600,400,9900,21200,32500,300,2000,1900,14400,12000,6900,18700,3700,24200,12000,1500,1800
427.0,8.8,758800,6646894.0,8.8,8.79,8.78,8.77,8.76,8.75,8.74,8.73,8.72,8.71,8.81,8.82,8.83,8.84,8.85,8.86,8.87,8.88,8.89,8.9,2900,4300,12600,21600,400,9900,21200,32500,300,2000,2100,14400,12000,6900,18700,3700,24200,12000,1500,1800
428.0,8.81,760900,6665395.0,8.8,8.79,8.78,8.77,8.76,8.75,8.74,8.73,8.72,8.71,8.82,8.83,8.84,8.85,8.86,8.87,8.88,8.89,8.9,8.92,3200,4300,12600,21600,400,9900,21200,32500,300,2000,14400,12000,6900,18700,3700,24200,12000,1500,1800,1000
429.0,8.81,760900,6665395.0,8.8,8.79,8.78,8.77,8.76,8.75,8.74,8.73,8.72,8.71,8.82,8.83,8.84,8.85,8.86,8.87,8.88,8.89,8.9,8.92,3200,4300,12600,21600,400,9900,21200,32500,300,2000,14400,12000,6900,18700,3700,24200,12000,1500,1800,1000
430.0,8.81,760900,6665395.0,8.8,8.79,8.78,8.77,8.76,8.75,8.74,8.73,8.72,8.71,8.82,8.83,8.84,8.85,8.86,8.87,8.88,8.89,8.9,8.92,3200,4300,12600,21600,400,9900,21200,32500,300,2000,14400,12000,6900,18700,3700,24200,12000,1500,1800,1000
431.0,8.8,762300,6677737.0,8.8,8.79,8.78,8.77,8.76,8.75,8.74,8.73,8.72,8.71,8.82,8.83,8.84,8.85,8.86,8.87,8.88,8.89,8.9,8.92,3300,4300,12600,21600,400,9900,21200,32500,300,2000,13300,12000,6900,18700,3700,24200,12000,1500,1800,1000
432.0,8.8,762300,6677737.0,8.8,8.79,8.78,8.77,8.76,8.75,8.74,8.73,8.72,8.71,8.82,8.83,8.84,8.85,8.86,8.87,8.88,8.89,8.9,8.92,3300,4300,12600,21600,400,9900,21200,32500,300,2000,13300,12000,6900,18700,3700,24200,12000,1500,1800,1000
433.0,8.8,762300,6677737.0,8.81,8.8,8.79,8.78,8.77,8.76,8.75,8.74,8.73,8.72,8.82,8.83,8.84,8.85,8.86,8.87,8.88,8.89,8.9,8.92,700,3300,4300,12600,21600,400,9900,21200,32500,300,13300,12000,6900,18700,3700,24200,12000,1500,1800,1000
434.0,8.81,762400,6678618.0,8.81,8.8,8.79,8.78,8.77,8.76,8.75,8.74,8.73,8.72,8.82,8.83,8.84,8.85,8.86,8.87,8.88,8.89,8.9,8.92,600,3300,4300,12600,21600,400,9900,21200,32500,300,13300,12000,6900,18700,3700,24200,12000,1500,1800,1000
435.0,8.81,762400,6678618.0,8.81,8.8,8.79,8.78,8.77,8.76,8.75,8.74,8.73,8.72,8.82,8.83,8.84,8.85,8.86,8.87,8.88,8.89,8.9,8.92,600,3300,4300,12600,21600,400,9900,21200,32500,300,13300,12000,6900,18700,3700,24200,12000,1500,1800,1000
436.0,8.8,763300,6686544.0,8.8,8.79,8.78,8.77,8.76,8.75,8.74,8.73,8.72,8.71,8.82,8.83,8.84,8.85,8.86,8.87,8.88,8.89,8.9,8.92,3000,4300,12600,21600,400,9900,21200,32500,300,2000,13300,12000,6900,18700,3700,24200,12000,1500,1800,1000
437.0,8.82,764300,6695346.0,8.81,8.8,8.79,8.78,8.77,8.76,8.75,8.74,8.73,8.72,8.82,8.83,8.84,8.85,8.86,8.87,8.88,8.89,8.9,8.92,200,2100,4300,12600,21600,400,9900,21200,32500,300,13200,12000,6900,18700,3700,24200,12000,1500,1800,1000
