LocalTime,LastPrice,TradeVolume,TradeValue,BidPrice1,BidPrice2,BidPrice3,BidPrice4,BidPrice5,BidPrice6,BidPrice7,BidPrice8,BidPrice9,BidPriceA,AskPrice1,AskPrice2,AskPrice3,AskPrice4,AskPrice5,AskPrice6,AskPrice7,AskPrice8,AskPrice9,AskPriceA,BidVolume1,BidVolume2,BidVolume3,BidVolume4,BidVolume5,BidVolume6,BidVolume7,BidVolume8,BidVolume9,BidVolumeA,AskVolume1,AskVolume2,AskVolume3,AskVolume4,AskVolume5,AskVolume6,AskVolume7,AskVolume8,AskVolume9,AskVolumeA
0.0,5.92,3700,21904.0,5.85,5.81,5.73,5.71,5.7,5.6,5.5,5.49,5.38,5.32,5.92,5.99,6.03,6.04,6.06,6.08,6.11,6.13,6.14,6.15,1000,6000,400,500,56800,5700,4700,1000,200,1800,2100,1000,1000,500,1000,1900,800,300,400,2700
1.0,5.92,4300,25456.0,5.86,5.85,5.81,5.73,5.71,5.7,5.6,5.5,5.49,5.38,5.92,5.99,6.03,6.04,6.06,6.08,6.11,6.13,6.14,6.15,1200,6000,6000,400,500,56800,5700,4700,1000,200,1500,3000,1000,3500,1000,1900,800,300,400,2700
2.0,5.85,7400,43603.0,5.85,5.82,5.81,5.73,5.71,5.7,5.6,5.5,5.49,5.38,5.92,5.99,6.03,6.04,6.06,6.08,6.09,6.11,6.13,6.14,4100,30900,6000,400,10500,56800,5700,4700,1000,200,1500,4000,1000,3500,2700,1900,10000,800,300,400
3.0,5.85,7400,43603.0,5.85,5.82,5.81,5.75,5.73,5.71,5.7,5.6,5.5,5.49,5.92,5.99,6.03,6.04,6.06,6.08,6.09,6.11,6.13,6.14,4100,30900,6000,5000,400,10600,56800,5700,4700,1000,1500,4000,1000,3500,2700,1900,10000,800,300,400
4.0,5.85,7400,43603.0,5.86,5.85,5.82,5.81,5.75,5.73,5.71,5.7,5.6,5.5,5.92,5.99,6.03,6.04,6.05,6.06,6.08,6.09,6.11,6.13,3900,4100,30900,6000,5000,400,20600,56800,5700,4700,1500,4000,1000,3500,7300,2700,1900,10000,800,300
5.0,5.85,7400,43603.0,5.86,5.85,5.83,5.82,5.81,5.75,5.73,5.71,5.7,5.6,5.92,5.98,5.99,6.03,6.04,6.05,6.06,6.08,6.09,6.11,3900,4100,1000,30900,6000,5000,400,20600,56800,5700,1500,200,4000,1000,5500,7300,2700,1900,10000,800
6.0,5.86,7600,44775.0,5.86,5.85,5.83,5.82,5.81,5.75,5.73,5.71,5.7,5.6,5.92,5.98,5.99,6.03,6.04,6.05,6.06,6.08,6.09,6.11,3700,4100,1000,30900,6000,5000,400,23100,56800,55700,1500,200,4000,10100,5500,7300,2700,1900,10000,800
7.0,5.91,8300,48918.0,5.87,5.86,5.85,5.83,5.82,5.81,5.75,5.73,5.71,5.7,5.91,5.92,5.98,5.99,6.03,6.04,6.05,6.06,6.08,6.09,1600,4900,4100,1000,30900,6000,5000,400,23100,56800,700,900,200,4000,10100,5500,7300,2700,2500,10000
8.0,5.92,9900,58383.0,5.92,5.91,5.9,5.87,5.86,5.85,5.83,5.82,5.81,5.75,5.98,5.99,6.03,6.04,6.05,6.06,6.08,6.09,6.11,6.13,700,100,1400,1600,6300,4100,1000,30900,6000,5000,200,4000,10100,5500,7300,2700,2500,10000,800,300
9.0,5.92,9900,58383.0,5.92,5.91,5.9,5.87,5.86,5.85,5.83,5.82,5.81,5.75,5.97,5.98,5.99,6.02,6.03,6.04,6.05,6.06,6.08,6.09,700,100,1400,1600,6300,4100,1000,30900,6000,5000,4100,200,4000,5000,10100,5500,7300,2700,2500,10000
10.0,5.92,9900,58383.0,5.92,5.91,5.9,5.87,5.86,5.85,5.83,5.82,5.81,5.75,5.97,5.98,5.99,6.01,6.02,6.03,6.04,6.05,6.06,6.08,900,100,1400,1600,6300,4100,1000,30900,6000,5000,4100,200,4000,5100,11800,10100,5500,7300,2700,2500
11.0,5.92,9900,58383.0,5.92,5.91,5.87,5.86,5.83,5.82,5.81,5.75,5.73,5.71,5.96,5.97,5.98,5.99,6.01,6.02,6.03,6.04,6.05,6.06,1000,100,1600,5200,1000,30900,6000,5000,400,28100,700,4400,13500,17300,5100,11800,10100,5500,7300,2700
12.0,5.92,10200,60159.0,5.87,5.86,5.83,5.82,5.81,5.75,5.73,5.71,5.7,5.6,5.92,5.95,5.96,5.97,5.98,5.99,6.01,6.02,6.03,6.04,1600,5200,1000,30900,6000,5000,400,28100,59800,55700,600,2200,500,4600,13500,17300,5100,11800,10100,5500
13.0,5.92,10800,63711.0,5.92,5.87,5.86,5.83,5.82,5.81,5.75,5.73,5.71,5.7,5.95,5.96,5.97,5.98,5.99,6.01,6.02,6.03,6.04,6.05,3500,1600,5300,1000,30900,6000,5000,400,28100,59800,2200,500,4600,13500,17300,5100,11800,10100,5500,7300
14.0,5.95,13500,79769.0,5.87,5.86,5.83,5.82,5.81,5.75,5.73,5.71,5.7,5.6,5.95,5.96,5.97,5.98,5.99,6.01,6.02,6.03,6.04,6.05,1600,5300,1000,30900,6000,5000,400,26400,59800,55700,17600,20000,15800,13500,17300,5100,11800,10100,5500,7300
15.0,5.92,13600,80361.0,5.88,5.87,5.86,5.83,5.82,5.81,5.75,5.73,5.71,5.7,5.92,5.93,5.95,5.96,5.97,5.98,5.99,6.01,6.02,6.03,500,1800,5300,1000,30900,6000,5000,400,26400,59800,600,4000,10500,20100,15400,13500,17300,5100,11800,10100
16.0,5.93,17700,104668.0,5.88,5.87,5.86,5.83,5.82,5.81,5.75,5.73,5.71,5.7,5.93,5.95,5.96,5.97,5.98,5.99,6.01,6.02,6.03,6.04,700,1800,5300,1000,30900,6000,5000,400,26400,59800,500,12000,20100,15400,13500,17300,5100,11800,10100,5500
17.0,5.93,17700,104668.0,5.9,5.88,5.87,5.86,5.83,5.82,5.81,5.75,5.73,5.71,5.93,5.95,5.96,5.97,5.98,5.99,6.01,6.02,6.03,6.04,700,700,1800,5300,1000,30900,6000,5000,400,26400,900,10100,20100,15400,13500,17300,5100,11800,10100,5500
18.0,5.93,17700,104668.0,5.9,5.88,5.87,5.86,5.83,5.82,5.81,5.75,5.73,5.71,5.93,5.95,5.96,5.97,5.98,5.99,6.01,6.02,6.03,6.04,700,700,1800,5300,1000,30900,6000,5000,400,26400,900,10100,20100,15400,13500,17300,5100,11800,10100,5500
19.0,5.9,18000,106438.0,5.9,5.88,5.87,5.86,5.83,5.82,5.81,5.75,5.73,5.71,5.93,5.95,5.96,5.97,5.98,5.99,6.01,6.02,6.03,6.04,400,700,1800,5300,1000,30900,6000,5000,400,26400,900,10100,20100,15400,13500,17300,5100,11800,10100,5500
20.0,5.9,18000,106438.0,5.9,5.88,5.87,5.86,5.83,5.82,5.81,5.75,5.73,5.71,5.93,5.95,5.96,5.97,5.98,5.99,6.01,6.02,6.03,6.04,400,700,1800,5300,1000,30900,6000,5000,400,26400,900,10100,20100,15400,13500,17300,5100,11800,10100,5500
21.0,5.9,18000,106438.0,5.9,5.88,5.87,5.86,5.83,5.82,5.81,5.75,5.73,5.71,5.93,5.95,5.96,5.97,5.98,5.99,6.01,6.02,6.03,6.04,400,700,1800,5300,1000,30900,6000,5000,400,26400,900,10100,20100,15400,13500,17300,5100,11800,10100,5500
22.0,5.9,18000,106438.0,5.9,5.88,5.87,5.86,5.83,5.82,5.81,5.75,5.73,5.71,5.93,5.95,5.96,5.97,5.98,5.99,6.01,6.02,6.03,6.04,400,700,1800,5300,1000,30900,6000,5000,400,26400,1700,2700,20100,15400,13500,17300,5100,11800,10100,5500
23.0,5.9,18000,106438.0,5.91,5.9,5.88,5.87,5.86,5.85,5.84,5.83,5.82,5.81,5.93,5.94,5.95,5.96,5.97,5.98,5.99,6.01,6.02,6.03,200,400,700,21100,25200,19300,19300,20400,50800,26100,1900,3800,3400,20100,15400,13500,17300,5100,11800,10100
24.0,5.9,18000,106438.0,5.91,5.9,5.88,5.87,5.86,5.85,5.84,5.83,5.82,5.81,5.93,5.94,5.95,5.96,5.97,5.98,5.99,6.01,6.02,6.03,200,400,700,21100,25200,19300,19300,20400,50800,26100,1900,3800,3400,20100,15400,13500,17300,5100,11800,10100
25.0,5.93,18900,111775.0,5.91,5.9,5.88,5.87,5.86,5.85,5.84,5.83,5.82,5.81,5.93,5.94,5.95,5.96,5.97,5.98,5.99,6.01,6.02,6.03,200,400,700,19500,25200,19300,19300,20400,50800,26100,1000,3800,3400,20100,15400,13500,17300,5100,11800,10100
26.0,5.93,18900,111775.0,5.91,5.88,5.87,5.86,5.85,5.84,5.83,5.82,5.81,5.75,5.93,5.94,5.95,5.96,5.97,5.98,5.99,6.01,6.02,6.03,4000,20300,19500,25200,19300,19300,20400,50800,26100,5000,1000,3800,3400,20100,15400,13500,17300,5100,11800,10100
27.0,5.93,18900,111775.0,5.91,5.88,5.87,5.86,5.85,5.84,5.83,5.82,5.81,5.75,5.93,5.94,5.95,5.96,5.97,5.98,5.99,6.01,6.02,6.03,4000,20300,19500,25200,19300,19300,20400,50800,26100,5000,1000,3800,3400,20100,15400,13500,17300,5100,11800,10100
28.0,5.94,20000,118299.0,5.93,5.91,5.89,5.88,5.87,5.86,5.85,5.84,5.83,5.82,5.94,5.95,5.96,5.97,5.98,5.99,6.01,6.02,6.03,6.04,2700,500,19400,19700,19500,24100,19300,19300,20400,50800,3700,2400,20100,15400,13500,17300,5100,11800,10100,5500
29.0,5.94,23900,141448.0,5.93,5.91,5.89,5.88,5.87,5.86,5.85,5.84,5.83,5.82,5.94,5.95,5.96,5.97,5.98,5.99,6.01,6.02,6.03,6.04,2000,500,19400,19700,19500,24100,19300,19300,20400,50800,1500,2400,100,4100,13500,17300,5100,11800,10100,5500
30.0,5.94,23900,141448.0,5.93,5.91,5.89,5.88,5.87,5.86,5.85,5.84,5.83,5.82,5.94,5.95,5.96,5.97,5.98,5.99,6.01,6.02,6.03,6.04,2000,500,19400,19700,19500,24100,19300,19300,20400,50800,1500,2400,100,4100,13500,17300,5100,11800,10100,5500
31.0,5.94,24200,143230.0,5.93,5.91,5.89,5.88,5.87,5.86,5.85,5.84,5.83,5.82,5.94,5.95,5.96,5.97,5.98,5.99,6.01,6.02,6.03,6.04,2000,500,19400,19700,19500,24100,19300,19300,20400,50800,1200,700,100,4100,13500,17300,5100,11800,10100,5500
32.0,5.93,27000,159800.0,5.93,5.92,5.91,5.9,5.89,5.88,5.87,5.86,5.85,5.84,5.94,5.95,5.96,5.97,5.98,5.99,6.01,6.02,6.03,6.04,100,800,4200,600,19400,19700,19400,24000,19300,19300,1200,700,100,4100,13500,17300,5100,11800,10100,5500
33.0,5.93,27000,159800.0,5.93,5.91,5.9,5.89,5.88,5.87,5.86,5.85,5.84,5.83,5.94,5.95,5.96,5.97,5.98,5.99,6.01,6.02,6.03,6.04,300,4200,600,19400,19700,19400,24000,19300,19300,20400,1200,700,100,4100,13500,17300,5100,11800,10100,5500
34.0,5.94,28200,166928.0,5.94,5.93,5.91,5.9,5.89,5.88,5.87,5.86,5.85,5.84,5.95,5.97,5.98,5.99,6.01,6.02,6.03,6.04,6.05,6.06,7200,200,4600,600,19400,19700,19400,24000,19300,19300,800,4100,13500,17300,5100,11800,10100,5500,7300,2700
35.0,5.94,28200,166928.0,5.94,5.93,5.91,5.9,5.89,5.88,5.87,5.86,5.85,5.84,5.95,5.97,5.98,5.99,6.01,6.02,6.03,6.04,6.05,6.06,7200,200,4600,600,19400,19700,19300,24000,19300,19300,800,4100,13500,17300,5100,11800,10100,5500,7300,2700
36.0,5.94,28200,166928.0,5.94,5.93,5.91,5.9,5.89,5.88,5.87,5.86,5.85,5.84,5.95,5.97,5.98,5.99,6.01,6.02,6.03,6.04,6.05,6.06,7200,200,4600,600,19400,19700,19300,24000,19300,19300,100,4100,13500,17300,5100,11800,10100,5500,7300,2700
37.0,5.94,28200,166928.0,5.94,5.93,5.91,5.9,5.89,5.88,5.87,5.86,5.85,5.84,5.95,5.97,5.98,5.99,6.01,6.02,6.03,6.04,6.05,6.06,7200,200,4600,600,19400,19700,19300,24000,19300,19300,100,4100,13500,17300,5100,11800,10100,5500,7300,2700
38.0,5.94,28200,166928.0,5.94,5.93,5.91,5.9,5.89,5.88,5.87,5.86,5.85,5.84,5.95,5.97,5.98,5.99,6.01,6.02,6.03,6.04,6.05,6.06,7200,200,4600,600,19400,19700,19300,24000,19300,19300,100,4100,13500,17300,5100,11800,10100,5500,7300,2700
39.0,5.94,28200,166928.0,5.94,5.93,5.91,5.9,5.89,5.88,5.87,5.86,5.85,5.84,5.95,5.97,5.98,5.99,6.01,6.02,6.03,6.04,6.05,6.06,7200,200,4600,600,19400,19700,19300,24000,19300,19300,100,4100,13500,17300,5100,11800,10100,5500,7300,2700
40.0,5.94,28200,166928.0,5.94,5.93,5.91,5.9,5.89,5.88,5.87,5.86,5.85,5.84,5.95,5.97,5.98,5.99,6.01,6.02,6.03,6.04,6.05,6.06,7200,200,400,600,19400,19700,19300,24000,19300,19300,100,4100,13500,17300,5100,11800,10100,5500,7300,2700
41.0,5.94,28200,166928.0,5.94,5.93,5.91,5.9,5.89,5.88,5.87,5.86,5.85,5.84,5.95,5.97,5.98,5.99,6.01,6.02,6.03,6.04,6.05,6.06,7200,200,400,600,19400,19700,19300,24000,19300,19300,100,4100,13500,17300,5100,11800,10100,5500,8700,2700
42.0,5.94,28200,166928.0,5.94,5.93,5.91,5.9,5.89,5.88,5.87,5.86,5.85,5.84,5.95,5.97,5.98,5.99,6.01,6.02,6.03,6.04,6.05,6.06,7200,200,400,600,19400,19700,19300,24000,19300,19300,300,4100,13500,17300,5100,11800,10100,5500,8700,2700
43.0,5.94,31300,185343.0,5.94,5.93,5.91,5.9,5.89,5.88,5.87,5.86,5.85,5.84,5.95,5.97,5.98,5.99,6.01,6.02,6.03,6.04,6.05,6.06,4200,200,400,600,19400,19700,19300,24000,19300,19300,200,4100,13500,17300,5100,11800,10100,5500,8700,2700
44.0,5.94,31800,188313.0,5.94,5.93,5.91,5.9,5.89,5.88,5.87,5.86,5.85,5.84,5.95,5.97,5.98,5.99,6.01,6.02,6.03,6.04,6.05,6.06,3700,100,400,600,19400,19700,19300,24000,19300,19300,200,4100,13500,17300,5100,11800,10100,5500,8700,2700
45.0,5.94,31800,188313.0,5.93,5.91,5.9,5.89,5.88,5.87,5.86,5.85,5.84,5.83,5.94,5.95,5.97,5.98,5.99,6.01,6.02,6.03,6.04,6.05,100,400,600,19400,19700,19300,24000,19300,19300,20400,100,200,4100,13500,17300,5100,11800,10100,5500,8700
46.0,5.94,31800,188313.0,5.93,5.91,5.9,5.89,5.88,5.87,5.86,5.85,5.84,5.83,5.94,5.95,5.97,5.98,5.99,6.01,6.02,6.03,6.04,6.05,500,400,600,19400,19700,19300,24000,19300,19300,20400,100,200,4100,13500,17300,5100,11800,10100,5500,8700
47.0,5.94,31800,188313.0,5.93,5.91,5.9,5.89,5.88,5.87,5.86,5.85,5.84,5.83,5.94,5.95,5.97,5.98,5.99,6.01,6.02,6.03,6.04,6.05,500,400,600,19400,19700,19300,24000,19300,19300,20400,100,200,4100,13500,17300,5100,11800,10100,5500,8700
48.0,5.94,31900,188907.0,5.94,5.93,5.91,5.9,5.89,5.88,5.87,5.86,5.85,5.84,5.95,5.97,5.98,5.99,6.01,6.02,6.03,6.04,6.05,6.06,8300,500,400,600,19400,19700,19300,24000,19300,19300,200,4100,13500,17300,5100,11800,10100,5500,8700,2700
49.0,5.94,31900,188907.0,5.94,5.93,5.91,5.9,5.89,5.88,5.87,5.86,5.85,5.84,5.95,5.97,5.98,5.99,6.01,6.02,6.03,6.04,6.05,6.06,8300,500,400,600,19400,19700,19300,24000,19300,19300,200,4100,13500,17300,5100,11800,10100,5500,8700,2700
50.0,5.94,31900,188907.0,5.94,5.93,5.91,5.9,5.89,5.88,5.87,5.86,5.85,5.84,5.95,5.97,5.98,5.99,6.01,6.02,6.03,6.04,6.05,6.06,8300,500,400,600,19400,19700,19300,24000,19300,19300,200,5700,13500,17300,5100,11800,10100,5500,8700,2700
51.0,5.94,31900,188907.0,5.94,5.93,5.91,5.9,5.89,5.88,5.87,5.86,5.85,5.84,5.95,5.97,5.98,5.99,6.01,6.02,6.03,6.04,6.05,6.06,8300,500,400,600,19400,19700,19300,24000,19300,19300,200,5700,13500,17300,5100,11800,10100,5500,8700,2700
52.0,5.94,31900,188907.0,5.94,5.93,5.91,5.9,5.89,5.88,5.87,5.86,5.85,5.84,5.95,5.97,5.98,5.99,6.01,6.02,6.03,6.04,6.05,6.06,8300,500,400,600,19400,19700,19300,24000,19300,19300,200,5700,13500,17300,5100,11800,10100,5500,8700,2700
53.0,5.94,31900,188907.0,5.94,5.93,5.91,5.9,5.89,5.88,5.87,5.86,5.85,5.84,5.95,5.97,5.98,5.99,6.01,6.02,6.03,6.04,6.05,6.06,8300,500,400,600,19400,19700,19300,24000,19300,19300,200,5700,13500,17300,5100,11800,10100,5500,8700,2700
54.0,5.94,31900,188907.0,5.94,5.93,5.91,5.9,5.89,5.88,5.87,5.86,5.85,5.84,5.95,5.97,5.98,5.99,6.01,6.02,6.03,6.04,6.05,6.06,8300,500,400,600,19400,19700,19300,24000,19300,19300,200,5700,13500,17300,5100,11800,10100,5500,8700,2700
55.0,5.94,31900,188907.0,5.94,5.93,5.91,5.9,5.89,5.88,5.87,5.86,5.85,5.84,5.95,5.97,5.98,5.99,6.01,6.02,6.03,6.04,6.05,6.06,8300,500,400,600,19400,19700,19300,24000,19300,19300,200,5700,13500,17300,5100,11800,10100,5500,8700,2700
56.0,5.94,32700,193659.0,5.94,5.93,5.91,5.9,5.89,5.88,5.87,5.86,5.85,5.84,5.95,5.97,5.98,5.99,6.01,6.02,6.03,6.04,6.05,6.06,7500,500,400,600,19400,19700,19300,24000,19300,19300,200,5700,13500,17300,5100,11800,10100,5500,8700,2700
57.0,5.94,32700,193659.0,5.94,5.93,5.91,5.9,5.89,5.88,5.87,5.86,5.85,5.84,5.95,5.97,5.98,5.99,6.01,6.02,6.03,6.04,6.05,6.06,7500,500,400,600,19400,19700,19300,24000,19300,19300,200,5700,13500,17300,5100,11800,10100,5500,8700,2700
58.0,5.94,33400,197817.0,5.93,5.91,5.9,5.89,5.88,5.87,5.86,5.85,5.84,5.83,5.95,5.97,5.98,5.99,6.01,6.02,6.03,6.04,6.05,6.06,500,400,600,19400,19700,19300,24000,19300,19300,20400,200,5700,13500,17300,5100,11800,10100,5500,8700,2700
59.0,5.94,33400,197817.0,5.93,5.91,5.9,5.89,5.88,5.87,5.86,5.85,5.84,5.83,5.95,5.97,5.98,5.99,6.01,6.02,6.03,6.04,6.05,6.06,600,400,600,19400,19700,19300,24000,19300,19300,20400,200,5700,13500,17300,5100,11800,10100,5500,8700,2700
60.0,5.95,34400,203767.0,5.95,5.93,5.91,5.9,5.89,5.88,5.87,5.86,5.85,5.84,5.97,5.98,5.99,6.01,6.02,6.03,6.04,6.05,6.06,6.08,7400,700,400,600,19400,19700,19300,24000,19300,19300,5700,13500,17300,5100,11800,10100,5500,8700,2700,2500
61.0,5.95,35600,210907.0,5.95,5.93,5.91,5.9,5.89,5.88,5.87,5.86,5.85,5.84,5.97,5.98,5.99,6.01,6.02,6.03,6.04,6.05,6.06,6.08,6200,700,400,600,19400,19700,19300,24000,19300,19300,5700,13500,17300,5100,11800,10100,5500,8700,2700,2500
62.0,5.95,38300,226972.0,5.95,5.93,5.91,5.9,5.89,5.88,5.87,5.86,5.85,5.84,5.97,5.98,5.99,6.01,6.02,6.03,6.04,6.05,6.06,6.08,3600,700,400,600,19400,19700,19300,24000,19300,19300,5800,13500,17300,5100,11800,10100,5500,8700,2700,2500
63.0,5.95,38600,228757.0,5.95,5.93,5.91,5.9,5.89,5.88,5.87,5.86,5.85,5.84,5.97,5.98,5.99,6.01,6.02,6.03,6.04,6.05,6.06,6.08,3300,700,400,600,19400,19700,19300,24000,19300,19300,5800,13500,17300,5100,11800,10100,5500,8700,2700,2500
64.0,5.95,39100,231732.0,5.95,5.93,5.91,5.9,5.89,5.88,5.87,5.86,5.85,5.84,5.97,5.98,5.99,6.01,6.02,6.03,6.04,6.05,6.06,6.08,2900,700,400,600,19400,19700,19300,24000,19300,19300,5900,13500,17300,5100,11800,10100,5500,8700,2700,2500
65.0,5.97,39200,232329.0,5.95,5.93,5.91,5.9,5.89,5.88,5.87,5.86,5.85,5.84,5.97,5.98,5.99,6.01,6.02,6.03,6.04,6.05,6.06,6.08,4000,700,400,20600,19400,19700,19300,24000,19300,19300,5800,13500,17300,7100,11800,10100,5500,8700,2700,2500
66.0,5.97,39200,232329.0,5.95,5.93,5.91,5.9,5.89,5.88,5.87,5.86,5.85,5.84,5.97,5.98,5.99,6.01,6.02,6.03,6.04,6.05,6.06,6.08,4000,700,400,20600,19400,19700,19300,24000,19300,19300,5800,13500,17300,7100,11800,10100,5500,8700,2700,2500
67.0,5.95,39600,234709.0,5.95,5.93,5.91,5.9,5.89,5.88,5.87,5.86,5.85,5.84,5.97,5.98,5.99,6.01,6.02,6.03,6.04,6.05,6.06,6.08,3900,400,400,20600,19400,19700,19300,24000,19300,19300,5800,13500,17300,7100,11800,10800,5500,8700,2700,2500
68.0,5.95,39600,234709.0,5.96,5.95,5.93,5.91,5.9,5.89,5.88,5.87,5.86,5.85,5.97,5.98,5.99,6.01,6.02,6.03,6.04,6.05,6.06,6.08,1100,3900,400,400,20600,19400,19700,19300,24000,19300,5800,13500,17300,7100,11800,10800,5500,8700,2700,2500
69.0,5.95,39600,234709.0,5.96,5.95,5.93,5.91,5.9,5.89,5.88,5.87,5.86,5.85,5.97,5.98,5.99,6.01,6.02,6.03,6.04,6.05,6.06,6.08,1100,3900,400,400,20600,19400,19700,19300,24000,19300,5800,13500,17300,7100,11800,10800,5500,8700,2700,2500
70.0,5.96,39800,235901.0,5.96,5.95,5.93,5.91,5.9,5.89,5.88,5.87,5.86,5.85,5.97,5.98,5.99,6.01,6.02,6.03,6.04,6.05,6.06,6.08,900,1600,400,400,20600,19400,19700,19300,24000,19300,5800,13500,17300,7100,11800,10800,5500,8700,2700,2500
71.0,5.96,39800,235901.0,5.96,5.95,5.93,5.91,5.9,5.89,5.88,5.87,5.86,5.85,5.97,5.98,5.99,6.01,6.02,6.03,6.04,6.05,6.06,6.08,900,1600,400,400,20600,19400,19700,19300,24000,19300,5800,13500,17300,7100,11800,10800,5500,8700,2700,2500
72.0,5.97,45600,270527.0,5.97,5.96,5.95,5.93,5.91,5.9,5.89,5.88,5.87,5.86,5.98,5.99,6.01,6.02,6.03,6.04,6.05,6.06,6.08,6.09,2500,900,1600,400,400,20600,19400,19700,19300,24000,13500,17300,7100,11800,10800,5500,8700,2700,2500,10000
73.0,5.97,45700,271124.0,5.97,5.96,5.95,5.93,5.91,5.9,5.89,5.88,5.87,5.86,5.98,5.99,6.01,6.02,6.03,6.04,6.05,6.06,6.08,6.09,2400,900,1600,400,400,20600,19400,19700,19300,24000,13500,17300,7100,11800,10800,5500,8700,2700,2500,10000
74.0,5.97,45700,271124.0,5.97,5.96,5.95,5.93,5.91,5.9,5.89,5.88,5.87,5.86,5.98,5.99,6.01,6.02,6.03,6.04,6.05,6.06,6.08,6.09,2400,900,1600,400,10400,20600,19400,19700,19300,24000,13500,17300,7100,11800,10800,5500,8700,2700,2500,10000
75.0,5.97,45700,271124.0,5.97,5.96,5.95,5.93,5.91,5.9,5.89,5.88,5.87,5.86,5.98,5.99,6.01,6.02,6.03,6.04,6.05,6.06,6.08,6.09,2400,900,1600,400,10400,20600,19400,19700,19300,24000,13500,17300,7100,11800,10800,5500,8700,2700,2500,10000
76.0,5.97,45900,272318.0,5.97,5.96,5.95,5.93,5.91,5.9,5.89,5.88,5.87,5.86,5.98,5.99,6.01,6.02,6.03,6.04,6.05,6.06,6.08,6.09,2500,900,1300,400,10400,20600,19400,19700,19300,24000,13500,17300,7100,11800,10800,5500,8700,2700,2500,10000
77.0,5.97,45900,272318.0,5.97,5.96,5.95,5.93,5.91,5.9,5.89,5.88,5.87,5.86,5.98,5.99,6.01,6.02,6.03,6.04,6.05,6.06,6.08,6.09,2500,900,1300,400,10400,20600,19400,19700,19300,24000,13500,17300,7100,11800,10800,5500,8700,2700,2500,10000
78.0,5.97,48400,287243.0,5.96,5.95,5.93,5.91,5.9,5.89,5.88,5.87,5.86,5.85,5.97,5.98,5.99,6.01,6.02,6.03,6.04,6.05,6.06,6.08,900,1300,400,10400,20600,19400,19700,19300,24000,19300,2500,13500,17300,7100,11800,10800,5500,8700,2700,2500
79.0,5.97,48400,287243.0,5.96,5.95,5.93,5.91,5.9,5.89,5.88,5.87,5.86,5.85,5.97,5.98,5.99,6.01,6.02,6.03,6.04,6.05,6.06,6.08,900,1300,400,10400,20600,19400,19700,19300,24000,19300,2500,13500,17300,7100,11800,10800,5500,8700,2700,2500
80.0,5.97,48400,287243.0,5.96,5.95,5.93,5.91,5.9,5.89,5.88,5.87,5.86,5.85,5.97,5.98,5.99,6.01,6.02,6.03,6.04,6.05,6.06,6.08,900,1300,400,10400,20600,19400,19700,19300,24000,19300,2500,13500,17300,7100,11800,10800,5500,8700,2700,2500
81.0,5.97,48400,287243.0,5.96,5.95,5.93,5.91,5.9,5.89,5.88,5.87,5.86,5.85,5.97,5.98,5.99,6.01,6.02,6.03,6.04,6.05,6.06,6.08,900,1300,400,10400,20600,19400,19700,19300,24000,19300,2500,13500,17300,7100,11800,10800,5500,8700,2700,2500
82.0,5.97,48400,287243.0,5.96,5.95,5.93,5.91,5.9,5.89,5.88,5.87,5.86,5.85,5.97,5.98,5.99,6.01,6.02,6.03,6.04,6.05,6.06,6.08,1800,1300,400,10400,20600,19400,19700,19300,24000,19300,2500,13500,17300,7100,11800,10800,5500,8700,2700,2500
83.0,5.97,48400,287243.0,5.96,5.95,5.93,5.91,5.9,5.89,5.88,5.87,5.86,5.85,5.97,5.98,5.99,6.01,6.02,6.03,6.04,6.05,6.06,6.08,1800,1300,400,10400,20600,19400,19700,19300,24000,19300,2500,13500,17300,2000,11800,10800,5500,8700,2700,2500
84.0,5.97,48400,287243.0,5.96,5.95,5.93,5.91,5.9,5.89,5.88,5.87,5.86,5.85,5.97,5.98,5.99,6.01,6.02,6.03,6.04,6.05,6.06,6.08,1800,1300,400,10400,20600,19400,19700,19300,24000,19300,2500,13500,17300,2000,11800,10800,5500,8700,2700,2500
85.0,5.96,48500,287839.0,5.96,5.95,5.93,5.91,5.9,5.89,5.88,5.87,5.86,5.85,5.97,5.98,5.99,6.01,6.02,6.03,6.04,6.05,6.06,6.08,1700,1300,400,10400,20600,19400,19700,19300,24000,19300,2500,13500,17300,2000,11800,10800,5500,8700,2700,2500
86.0,5.96,48700,289032.0,5.96,5.95,5.93,5.91,5.9,5.89,5.88,5.87,5.86,5.85,5.97,5.98,5.99,6.01,6.02,6.03,6.04,6.05,6.06,6.08,1700,1300,400,10400,20600,19400,19700,19300,24000,19300,2400,13500,17300,2000,11800,10800,5500,8700,2700,2500
87.0,5.96,48700,289032.0,5.96,5.95,5.93,5.91,5.9,5.89,5.88,5.87,5.86,5.85,5.97,5.98,5.99,6.01,6.02,6.03,6.04,6.05,6.06,6.08,1700,1300,400,10400,20600,19400,19700,19300,24000,19300,2400,13500,17300,2000,11800,10800,5500,8700,2700,2500
88.0,5.96,48800,289628.0,5.96,5.95,5.93,5.91,5.9,5.89,5.88,5.87,5.86,5.85,5.97,5.98,5.99,6.01,6.02,6.03,6.04,6.05,6.06,6.08,1600,1300,400,10400,20600,19400,19700,19300,24000,19300,2400,13500,17300,2000,11800,10800,5500,8700,2700,2500
89.0,5.96,48800,289628.0,5.96,5.95,5.93,5.91,5.9,5.89,5.88,5.87,5.86,5.85,5.97,5.98,5.99,6.01,6.02,6.03,6.04,6.05,6.06,6.08,1600,1300,400,10400,20600,19400,19700,19300,24000,19300,2400,13500,17300,2000,11800,10800,5500,8700,2700,2500
90.0,5.96,48800,289628.0,5.96,5.95,5.93,5.91,5.9,5.89,5.88,5.87,5.86,5.85,5.97,5.98,5.99,6.01,6.02,6.03,6.04,6.05,6.06,6.08,1600,1300,400,10400,20600,19400,19700,19300,24000,19300,2400,13500,17300,2000,11800,10800,5500,8700,2700,2500
91.0,5.96,50600,300358.0,5.95,5.93,5.91,5.9,5.89,5.88,5.87,5.86,5.85,5.84,5.96,5.97,5.98,5.99,6.01,6.02,6.03,6.04,6.05,6.06,1300,400,10400,20600,19400,19700,19300,24000,19300,19300,2500,2200,13500,17300,2000,11800,12800,5500,8700,2700
92.0,5.96,50600,300358.0,5.95,5.93,5.91,5.9,5.89,5.88,5.87,5.86,5.85,5.84,5.96,5.97,5.98,5.99,6.01,6.02,6.03,6.04,6.05,6.06,2900,400,10400,20600,19400,19700,19300,24000,19300,19300,2500,2200,13500,17300,2000,11800,12800,5500,8700,2700
93.0,5.96,50600,300358.0,5.95,5.93,5.91,5.9,5.89,5.88,5.87,5.86,5.85,5.84,5.96,5.97,5.98,5.99,6.01,6.02,6.03,6.04,6.05,6.06,2900,400,10400,20600,19400,19700,19300,24000,19300,19300,2500,2200,13500,17300,2000,11800,12800,5500,8700,2700
94.0,5.95,50900,302144.0,5.95,5.93,5.91,5.9,5.89,5.88,5.87,5.86,5.85,5.84,5.96,5.97,5.98,5.99,6.01,6.02,6.03,6.04,6.05,6.06,2700,400,10400,20600,19400,19700,19300,24000,19300,19300,2400,2200,13500,17300,2000,11800,12800,5500,10800,2700
95.0,5.95,50900,302144.0,5.95,5.93,5.91,5.9,5.89,5.88,5.87,5.86,5.85,5.84,5.96,5.97,5.98,5.99,6.01,6.02,6.03,6.04,6.05,6.06,2700,400,10400,20600,19400,19700,19300,24000,19300,19300,2400,2200,13500,17300,2000,11800,12800,5500,10800,2700
96.0,5.95,50900,302144.0,5.95,5.93,5.91,5.9,5.89,5.88,5.87,5.86,5.85,5.84,5.96,5.97,5.98,5.99,6.01,6.02,6.03,6.04,6.05,6.06,2800,400,10400,20600,19400,19700,19300,24000,19300,19300,2400,2200,13500,17300,2000,11800,12800,5500,10800,2700
97.0,5.95,51100,303334.0,5.95,5.93,5.91,5.9,5.89,5.88,5.87,5.86,5.85,5.84,5.96,5.97,5.98,5.99,6.01,6.02,6.03,6.04,6.05,6.06,3400,400,10400,20600,19400,19700,19300,24000,19300,19300,2400,2200,13500,17300,2000,11800,12800,5500,10800,2700
98.0,5.95,51100,303334.0,5.95,5.93,5.91,5.9,5.89,5.88,5.87,5.86,5.85,5.84,5.96,5.97,5.98,5.99,6.01,6.02,6.03,6.04,6.05,6.06,3400,400,10400,20600,19400,19700,19300,24000,19300,19300,2400,2200,13500,17300,2000,11800,12800,5500,10800,2700
99.0,5.95,51100,303334.0,5.95,5.93,5.91,5.9,5.89,5.88,5.87,5.86,5.85,5.84,5.96,5.97,5.98,5.99,6.01,6.02,6.03,6.04,6.05,6.06,3400,400,10400,20600,19400,19700,19300,24000,19300,19300,2400,2200,13500,17300,2000,11800,12800,5500,10800,2700
100.0,5.95,51400,305119.0,5.95,5.93,5.91,5.9,5.89,5.88,5.87,5.86,5.85,5.84,5.96,5.97,5.98,5.99,6.01,6.02,6.03,6.04,6.05,6.06,3700,400,10400,20600,19400,19700,19300,24000,19300,19300,2400,2200,13500,17300,2000,11800,12800,5500,10800,2700
101.0,5.95,52100,309284.0,5.95,5.93,5.91,5.9,5.89,5.88,5.87,5.86,5.85,5.84,5.96,5.97,5.98,5.99,6.01,6.02,6.03,6.04,6.05,6.06,3000,400,10400,20600,19400,19700,19300,24000,19300,19300,2400,2200,13500,17300,2000,11800,12800,5500,10800,2700
102.0,5.95,52100,309284.0,5.95,5.93,5.91,5.9,5.89,5.88,5.87,5.86,5.85,5.84,5.96,5.97,5.98,5.99,6.01,6.02,6.03,6.04,6.05,6.06,3000,400,10400,20600,19400,19700,19300,24000,19300,19300,2400,2200,13500,17300,2000,11800,12800,5500,10800,2700
103.0,5.95,52400,311069.0,5.95,5.93,5.91,5.9,5.89,5.88,5.87,5.86,5.85,5.84,5.96,5.97,5.98,5.99,6.01,6.02,6.03,6.04,6.05,6.06,2700,400,10400,20600,19400,19700,19300,24000,19300,19300,2400,2200,13500,17300,2000,11800,12800,5500,10800,2700
104.0,5.96,52500,311665.0,5.95,5.93,5.91,5.9,5.89,5.88,5.87,5.86,5.85,5.84,5.96,5.97,5.98,5.99,6.01,6.02,6.03,6.04,6.05,6.06,2900,400,10400,20600,19400,19700,19300,24000,19300,19300,2300,2200,15500,17300,2000,11800,12800,5500,10800,2700
105.0,5.96,54800,325373.0,5.96,5.95,5.93,5.91,5.9,5.89,5.88,5.87,5.86,5.85,5.97,5.98,5.99,6.01,6.02,6.03,6.04,6.05,6.06,6.08,500,2900,400,10400,20600,19400,19700,19300,24000,19300,2200,15500,17300,2000,11800,12800,5500,10800,2700,2500
106.0,5.96,54800,325373.0,5.96,5.95,5.93,5.91,5.9,5.89,5.88,5.87,5.86,5.85,5.97,5.98,5.99,6.01,6.02,6.03,6.04,6.05,6.06,6.08,1300,2100,400,10400,20600,19400,19700,19300,24000,19300,2200,15500,17300,2000,11800,12800,5500,10800,2700,2500
107.0,5.96,54800,325373.0,5.96,5.95,5.93,5.91,5.9,5.89,5.88,5.87,5.86,5.85,5.97,5.98,5.99,6.01,6.02,6.03,6.04,6.05,6.06,6.08,1300,1900,400,10400,20600,19400,19700,19300,24000,19300,2200,15500,17300,2000,11800,12800,5500,10800,2700,2500
108.0,5.96,54800,325373.0,5.96,5.95,5.93,5.91,5.9,5.89,5.88,5.87,5.86,5.85,5.97,5.98,5.99,6.01,6.02,6.03,6.04,6.05,6.06,6.08,1300,1900,400,10400,20600,19400,19700,19300,24000,19300,2200,15500,17300,2000,11800,12800,5500,10800,2700,2500
109.0,5.96,54900,325969.0,5.96,5.95,5.93,5.91,5.9,5.89,5.88,5.87,5.86,5.85,5.97,5.98,5.99,6.01,6.02,6.03,6.04,6.05,6.06,6.08,1200,1900,400,10400,20600,19400,19700,19300,24000,19300,2200,15500,17300,2000,11800,12800,5500,10800,2700,2500
110.0,5.96,54900,325969.0,5.96,5.95,5.93,5.91,5.9,5.89,5.88,5.87,5.86,5.85,5.97,5.98,5.99,6.01,6.02,6.03,6.04,6.05,6.06,6.08,1200,1900,400,10400,20600,19400,19700,19300,24000,19300,2200,15500,17300,2000,11800,12800,5500,10800,2700,2500
111.0,5.96,54900,325969.0,5.96,5.95,5.93,5.91,5.9,5.89,5.88,5.87,5.86,5.85,5.97,5.98,5.99,6.01,6.02,6.03,6.04,6.05,6.06,6.08,1200,1900,400,10400,20600,19400,19700,19300,24000,19300,2200,15500,17300,2000,11800,12800,5500,10800,2700,2500
112.0,5.96,55200,327757.0,5.96,5.95,5.93,5.91,5.9,5.89,5.88,5.87,5.86,5.85,5.97,5.98,5.99,6.01,6.02,6.03,6.04,6.05,6.06,6.08,900,1900,400,10400,20600,19400,19700,19300,24000,19300,2200,15500,17300,2000,11800,12800,5500,10800,2700,2500
113.0,5.96,55200,327757.0,5.96,5.95,5.93,5.91,5.9,5.89,5.88,5.87,5.86,5.85,5.97,5.98,5.99,6.01,6.02,6.03,6.04,6.05,6.06,6.08,900,1900,400,10400,20600,19400,19700,19300,24000,19300,2200,15500,17300,2000,11800,12800,5500,10800,2700,2500
114.0,5.96,55200,327757.0,5.96,5.95,5.93,5.91,5.9,5.89,5.88,5.87,5.86,5.85,5.97,5.98,5.99,6.01,6.02,6.03,6.04,6.05,6.06,6.08,900,1900,400,10400,20600,19400,19700,19300,24000,19300,2200,15500,17300,2000,11800,12800,5500,10800,2700,2500
115.0,5.96,55800,331333.0,5.96,5.95,5.93,5.91,5.9,5.89,5.88,5.87,5.86,5.85,5.97,5.98,5.99,6.01,6.02,6.03,6.04,6.05,6.06,6.08,300,1900,400,10400,20600,19400,19700,19300,24000,19300,4200,15500,17300,2000,11800,12800,5500,10800,2700,2500
116.0,5.96,55800,331333.0,5.96,5.95,5.93,5.91,5.9,5.89,5.88,5.87,5.86,5.85,5.97,5.98,5.99,6.01,6.02,6.03,6.04,6.05,6.06,6.08,300,1900,400,10400,20600,19400,19700,19300,24000,19300,4200,15500,17300,2000,11800,12800,5500,10800,2700,2500
117.0,5.97,56900,337900.0,5.96,5.95,5.93,5.91,5.9,5.89,5.88,5.87,5.86,5.85,5.97,5.98,5.99,6.01,6.02,6.03,6.04,6.05,6.06,6.08,300,1900,400,10400,20600,19400,19700,19300,24000,19300,3100,15500,17300,2000,11800,12800,5500,10800,2700,2500
118.0,5.97,61400,364765.0,5.96,5.95,5.93,5.91,5.9,5.89,5.88,5.87,5.86,5.85,5.98,5.99,6.01,6.02,6.03,6.04,6.05,6.06,6.08,6.09,300,1900,400,10400,20600,19400,19700,19300,24000,19300,15500,17300,2000,11800,12800,5500,10800,2700,2500,10000
119.0,5.97,61400,364765.0,5.96,5.95,5.93,5.91,5.9,5.89,5.88,5.87,5.86,5.85,5.98,5.99,6.01,6.02,6.03,6.04,6.05,6.06,6.08,6.09,400,1900,400,10400,20600,19400,19700,19300,24000,19300,15600,15300,2000,11800,12800,5500,10800,2700,2500,10000
120.0,5.97,61400,364765.0,5.96,5.95,5.93,5.91,5.9,5.89,5.88,5.87,5.86,5.85,5.97,5.98,5.99,6.01,6.02,6.03,6.04,6.05,6.06,6.08,400,1900,400,10400,20600,19400,19700,19300,24000,19300,100,17900,15300,2000,11800,12800,5500,10800,2700,2500
121.0,5.97,61400,364765.0,5.96,5.95,5.93,5.91,5.9,5.89,5.88,5.87,5.86,5.85,5.97,5.98,5.99,6.01,6.02,6.03,6.04,6.05,6.06,6.08,400,1900,400,10400,20600,19400,19700,19300,24000,19300,100,17900,15300,2000,11800,12800,5500,10800,2700,2500
122.0,5.97,61400,364765.0,5.96,5.95,5.93,5.91,5.9,5.89,5.88,5.87,5.86,5.85,5.97,5.98,5.99,6.01,6.02,6.03,6.04,6.05,6.06,6.08,2000,1900,400,10400,20600,19400,19700,19300,24000,19300,200,17900,15300,2000,11800,12800,5500,10800,2700,2500
123.0,5.97,61400,364765.0,5.96,5.95,5.93,5.91,5.9,5.89,5.88,5.87,5.86,5.85,5.97,5.98,5.99,6.01,6.02,6.03,6.04,6.05,6.06,6.08,2200,1900,400,10400,20600,19400,19700,19300,24000,19300,200,17900,15300,2000,11800,12800,2500,10800,2700,2500
124.0,5.96,62000,368341.0,5.96,5.95,5.93,5.91,5.9,5.89,5.88,5.87,5.86,5.85,5.97,5.98,5.99,6.01,6.02,6.03,6.04,6.05,6.06,6.08,2200,1300,400,10400,20600,19400,19700,19300,24000,19300,200,17900,15300,2000,11800,12800,2500,10800,2700,2500
125.0,5.96,62000,368341.0,5.96,5.95,5.93,5.91,5.9,5.89,5.88,5.87,5.86,5.85,5.97,5.98,5.99,6.01,6.02,6.03,6.04,6.05,6.06,6.08,2300,1300,400,10400,20600,19400,19700,19300,24000,19300,200,17900,15300,2000,11800,12800,2500,10800,2700,2500
126.0,5.96,62000,368341.0,5.96,5.95,5.93,5.91,5.9,5.89,5.88,5.87,5.86,5.85,5.97,5.98,5.99,6.01,6.02,6.03,6.04,6.05,6.06,6.08,2300,1300,400,10400,20600,19400,19700,19300,24000,19300,200,17900,15300,3000,11800,12800,2500,10800,2700,2500
127.0,5.96,62200,369533.0,5.96,5.95,5.93,5.91,5.9,5.89,5.88,5.87,5.86,5.85,5.97,5.98,5.99,6.01,6.02,6.03,6.04,6.05,6.06,6.08,2100,1300,400,10400,20600,19400,19700,19300,24000,19300,200,17900,15300,3000,11800,12800,2500,10800,2700,2500
128.0,5.96,62200,369533.0,5.96,5.95,5.93,5.91,5.9,5.89,5.88,5.87,5.86,5.85,5.97,5.98,5.99,6.01,6.02,6.03,6.04,6.05,6.06,6.08,2100,1300,400,10400,20600,19400,19700,19300,24000,19300,200,17900,15300,3000,11800,12800,2500,10800,2700,2500
129.0,5.96,62200,369533.0,5.96,5.95,5.93,5.91,5.9,5.89,5.88,5.87,5.86,5.85,5.97,5.98,5.99,6.01,6.02,6.03,6.04,6.05,6.06,6.08,2100,1300,400,10400,20600,19400,19700,19300,24000,19300,200,17900,15300,3000,11800,12800,2500,10800,2700,2500
130.0,5.96,62400,370725.0,5.96,5.95,5.93,5.91,5.9,5.89,5.88,5.87,5.86,5.85,5.97,5.98,5.99,6.01,6.02,6.03,6.04,6.05,6.06,6.08,1800,1300,400,10400,20600,19400,19700,19300,24000,19300,2200,17900,15300,3000,11800,12800,2500,10800,2700,2500
131.0,5.96,62400,370725.0,5.96,5.95,5.93,5.91,5.9,5.89,5.88,5.87,5.86,5.85,5.97,5.98,5.99,6.01,6.02,6.03,6.04,6.05,6.06,6.08,1800,1300,400,10400,20600,19400,19700,19300,24000,19300,2200,17900,15300,3000,11800,12800,2500,10800,2700,2500
132.0,5.96,62400,370725.0,5.96,5.95,5.93,5.91,5.9,5.89,5.88,5.87,5.86,5.85,5.97,5.98,5.99,6.01,6.02,6.03,6.04,6.05,6.06,6.08,1800,1300,400,10400,20600,19400,19700,19300,24000,19300,2200,17900,15300,3000,11800,12800,2500,10800,2700,2500
133.0,5.96,62400,370725.0,5.96,5.95,5.93,5.91,5.9,5.89,5.88,5.87,5.86,5.85,5.97,5.98,5.99,6.01,6.02,6.03,6.04,6.05,6.06,6.08,1800,1300,400,10400,20600,19400,19700,19300,24000,19300,2200,17900,15300,3000,11800,12800,2500,10800,2700,2500
134.0,5.97,62600,371918.0,5.96,5.95,5.93,5.91,5.9,5.89,5.88,5.87,5.86,5.85,5.97,5.98,5.99,6.01,6.02,6.03,6.04,6.05,6.06,6.08,1700,1300,400,10400,20600,19400,19700,19300,24000,19300,2100,17900,15300,3000,11800,12800,2500,10800,2700,2500
135.0,5.96,62900,373706.0,5.96,5.95,5.93,5.91,5.9,5.89,5.88,5.87,5.86,5.85,5.97,5.98,5.99,6.01,6.02,6.03,6.04,6.05,6.06,6.08,1400,1300,400,10400,20600,19400,19700,19300,24000,19300,2100,17900,15300,3000,11800,12800,2500,10800,2700,2500
136.0,5.96,62900,373706.0,5.96,5.95,5.93,5.91,5.9,5.89,5.88,5.87,5.86,5.85,5.97,5.98,5.99,6.01,6.02,6.03,6.04,6.05,6.06,6.08,1400,1300,400,10400,20600,19400,19700,19300,24000,19300,2100,17900,15300,3000,11800,12800,2500,10800,2700,2500
137.0,5.96,63000,374302.0,5.96,5.95,5.93,5.91,5.9,5.89,5.88,5.87,5.86,5.85,5.97,5.98,5.99,6.01,6.02,6.03,6.04,6.05,6.06,6.08,1300,1300,400,10400,20600,19400,19700,19300,24000,19300,2100,17900,15300,3000,11800,12800,2500,10800,2700,2500
138.0,5.96,63000,374302.0,5.96,5.95,5.93,5.91,5.9,5.89,5.88,5.87,5.86,5.85,5.97,5.98,5.99,6.01,6.02,6.03,6.04,6.05,6.06,6.08,1300,1300,400,10400,20600,19400,19700,19300,24000,19300,2100,17900,15300,3000,11800,12800,2500,10800,2700,2500
139.0,5.96,63000,374302.0,5.96,5.95,5.93,5.91,5.9,5.89,5.88,5.87,5.86,5.85,5.97,5.98,5.99,6.01,6.02,6.03,6.04,6.05,6.06,6.08,1300,1300,400,10400,20600,19400,19700,19300,24000,19300,2100,17900,15300,3000,11800,12800,2500,10800,2700,2500
140.0,5.96,63100,374898.0,5.96,5.95,5.93,5.91,5.9,5.89,5.88,5.87,5.86,5.85,5.97,5.98,5.99,6.01,6.02,6.03,6.04,6.05,6.06,6.08,1200,1300,400,10400,20600,19400,19700,19300,24000,19300,2100,17900,15300,3000,11800,12800,2500,10800,2700,2500
141.0,5.96,63100,374898.0,5.96,5.95,5.93,5.91,5.9,5.89,5.88,5.87,5.86,5.85,5.97,5.98,5.99,6.01,6.02,6.03,6.04,6.05,6.06,6.08,1300,1300,400,10400,20600,19400,19700,19300,28000,19300,2100,17900,15300,3000,11800,12800,2500,10800,2700,2500
142.0,5.96,63100,374898.0,5.96,5.95,5.93,5.91,5.9,5.89,5.88,5.87,5.86,5.85,5.97,5.98,5.99,6.01,6.02,6.03,6.04,6.05,6.06,6.08,1300,1300,400,10400,20600,19400,19700,19300,28000,19300,4200,17900,15300,3000,11800,12800,2500,10800,2700,2500
143.0,5.96,63200,375494.0,5.96,5.95,5.93,5.91,5.9,5.89,5.88,5.87,5.86,5.85,5.97,5.98,5.99,6.01,6.02,6.03,6.04,6.05,6.06,6.08,1200,1300,400,10400,20600,19400,19700,19300,28000,19300,4200,17900,15300,3000,11800,12800,2500,10800,2700,2500
144.0,5.96,63200,375494.0,5.96,5.95,5.93,5.91,5.9,5.89,5.88,5.87,5.86,5.85,5.97,5.98,5.99,6.01,6.02,6.03,6.04,6.05,6.06,6.08,1200,1300,400,10400,20600,19400,19700,19300,28000,19300,4200,17900,15300,3000,11800,12800,2500,10800,2700,2500
145.0,5.96,63200,375494.0,5.96,5.95,5.93,5.91,5.9,5.89,5.88,5.87,5.86,5.85,5.97,5.98,5.99,6.01,6.02,6.03,6.04,6.05,6.06,6.08,1200,1300,400,10400,20600,19400,19700,19300,28000,19300,4200,17900,15300,3000,11800,12800,2500,10800,2700,2500
146.0,5.96,63400,376686.0,5.96,5.95,5.93,5.91,5.9,5.89,5.88,5.87,5.86,5.85,5.97,5.98,5.99,6.01,6.02,6.03,6.04,6.05,6.06,6.08,800,1300,400,10400,20600,19400,19700,19300,28000,19300,5200,17900,15300,3000,11800,12800,2500,10800,2700,2500
147.0,5.96,63400,376686.0,5.96,5.95,5.93,5.91,5.9,5.89,5.88,5.87,5.86,5.85,5.97,5.98,5.99,6.01,6.02,6.03,6.04,6.05,6.06,6.08,800,1300,400,10400,20600,19400,19700,19300,28000,19300,5200,17900,15300,3000,11800,12800,2500,11100,2700,2500
148.0,5.96,63400,376686.0,5.96,5.95,5.93,5.91,5.9,5.89,5.88,5.87,5.86,5.85,5.97,5.98,5.99,6.01,6.02,6.03,6.04,6.05,6.06,6.08,800,1300,400,10400,20600,19400,19700,19300,28000,19300,5200,17900,15300,3000,11800,12800,2500,11100,2700,2500
149.0,5.96,63400,376686.0,5.96,5.95,5.93,5.91,5.9,5.89,5.88,5.87,5.86,5.85,5.97,5.98,5.99,6.01,6.02,6.03,6.04,6.05,6.06,6.08,700,1300,400,10400,20600,19400,19700,19300,28000,19300,5200,17900,15300,3000,11800,12800,2500,11100,2700,2500
150.0,5.96,63400,376686.0,5.96,5.95,5.93,5.91,5.9,5.89,5.88,5.87,5.86,5.85,5.97,5.98,5.99,6.01,6.02,6.03,6.04,6.05,6.06,6.08,700,1300,400,10400,20600,19400,19700,19300,28000,19300,5200,17900,15300,3000,11800,12800,2500,11100,2700,2500
151.0,5.96,63400,376686.0,5.96,5.95,5.93,5.91,5.9,5.89,5.88,5.87,5.86,5.85,5.97,5.98,5.99,6.01,6.02,6.03,6.04,6.05,6.06,6.08,700,1300,400,10400,20600,19400,19700,19300,28000,19300,5200,20900,15300,3000,11800,12800,2500,11100,2700,2500
152.0,5.96,63700,378474.0,5.96,5.95,5.93,5.91,5.9,5.89,5.88,5.87,5.86,5.85,5.97,5.98,5.99,6.01,6.02,6.03,6.04,6.05,6.06,6.08,400,1300,400,10400,20600,19400,19700,19300,28000,19300,5200,20900,15300,3000,11800,12800,2500,11100,2700,2500
153.0,5.97,63800,379071.0,5.96,5.95,5.93,5.91,5.9,5.89,5.88,5.87,5.86,5.85,5.97,5.98,5.99,6.01,6.02,6.03,6.04,6.05,6.06,6.08,400,1300,400,10400,20600,19400,19700,19300,28000,19300,5100,20900,15300,3000,11800,12800,2500,11100,2700,2500
154.0,5.97,63800,379071.0,5.96,5.95,5.93,5.91,5.9,5.89,5.88,5.87,5.86,5.85,5.97,5.98,5.99,6.01,6.02,6.03,6.04,6.05,6.06,6.08,400,1300,400,10400,20600,19400,19700,19300,28000,19300,5100,20900,15300,3000,11800,12800,2500,11100,2700,2500
155.0,5.97,63800,379071.0,5.96,5.95,5.93,5.91,5.9,5.89,5.88,5.87,5.86,5.85,5.97,5.98,5.99,6.01,6.02,6.03,6.04,6.05,6.06,6.08,400,1300,400,10400,20600,19400,19700,19300,28000,19300,5100,20900,15300,3000,11800,12800,2500,11100,2700,2500
156.0,5.96,64200,381455.0,5.95,5.93,5.91,5.9,5.89,5.88,5.87,5.86,5.85,5.84,5.96,5.97,5.98,5.99,6.01,6.02,6.03,6.04,6.05,6.06,1300,400,10400,20600,19400,19700,19300,28000,19300,19300,9000,5600,20900,15300,3000,11800,12800,2500,11100,2700
157.0,5.95,64500,383240.0,5.95,5.93,5.91,5.9,5.89,5.88,5.87,5.86,5.85,5.84,5.96,5.97,5.98,5.99,6.01,6.02,6.03,6.04,6.05,6.06,1000,400,10400,20600,19400,19700,19300,28000,19300,19300,9000,5600,20900,15300,3000,14300,12800,2500,11100,2700
158.0,5.95,64500,383240.0,5.95,5.93,5.91,5.9,5.89,5.88,5.87,5.86,5.85,5.84,5.96,5.97,5.98,5.99,6.01,6.02,6.03,6.04,6.05,6.06,1200,600,10400,20600,19400,19700,19300,28000,19300,19300,9000,5600,20900,15300,3000,14300,12800,2500,11100,2700
159.0,5.95,64600,383835.0,5.95,5.93,5.91,5.9,5.89,5.88,5.87,5.86,5.85,5.84,5.96,5.97,5.98,5.99,6.01,6.02,6.03,6.04,6.05,6.06,1100,600,10400,20600,19400,19700,19300,28000,19300,19300,9000,5600,20900,15300,3000,14300,12800,2500,11100,2700
160.0,5.95,64600,383835.0,5.95,5.93,5.91,5.9,5.89,5.88,5.87,5.86,5.85,5.84,5.96,5.97,5.98,5.99,6.01,6.02,6.03,6.04,6.05,6.06,1100,600,10400,20600,19400,19700,19300,28000,19300,19300,9000,5600,20900,15300,3000,14300,15300,2500,11100,2700
161.0,5.95,64600,383835.0,5.95,5.93,5.91,5.9,5.89,5.88,5.87,5.86,5.85,5.84,5.96,5.97,5.98,5.99,6.01,6.02,6.03,6.04,6.05,6.06,1600,600,10400,20600,19400,19700,19300,28000,19300,19300,9000,5600,20900,15300,3000,14300,15300,2500,11100,2700
162.0,5.95,64700,384430.0,5.95,5.93,5.91,5.9,5.89,5.88,5.87,5.86,5.85,5.84,5.96,5.97,5.98,5.99,6.01,6.02,6.03,6.04,6.05,6.06,1500,600,10400,20600,19400,19700,19300,28000,19300,19300,9000,5600,20900,15300,3000,14300,15300,2500,11100,2700
163.0,5.95,64700,384430.0,5.95,5.93,5.91,5.9,5.89,5.88,5.87,5.86,5.85,5.84,5.96,5.97,5.98,5.99,6.01,6.02,6.03,6.04,6.05,6.06,1500,600,10400,20600,19400,19700,19300,28000,19300,19300,9000,5600,20900,15300,3000,14300,15300,2500,11100,2700
164.0,5.95,64800,385025.0,5.95,5.93,5.91,5.9,5.89,5.88,5.87,5.86,5.85,5.84,5.96,5.97,5.98,5.99,6.01,6.02,6.03,6.04,6.05,6.06,1400,600,10400,20600,19400,19700,19300,28000,19300,19300,9000,5600,20900,15300,3000,14300,15300,2500,11100,2700
165.0,5.95,64800,385025.0,5.95,5.93,5.91,5.9,5.89,5.88,5.87,5.86,5.85,5.84,5.96,5.97,5.98,5.99,6.01,6.02,6.03,6.04,6.05,6.06,1400,600,10400,20600,19400,19700,19300,28000,19300,19300,9000,5600,20900,15300,3000,14300,15300,2500,11100,2700
166.0,5.95,64900,385620.0,5.95,5.93,5.91,5.9,5.89,5.88,5.87,5.86,5.85,5.84,5.96,5.97,5.98,5.99,6.01,6.02,6.03,6.04,6.05,6.06,1300,600,10400,20600,19400,19700,19300,28000,19300,19300,9000,5600,20900,15300,3000,14300,15300,2500,11100,2700
167.0,5.95,64900,385620.0,5.95,5.93,5.91,5.9,5.89,5.88,5.87,5.86,5.85,5.84,5.96,5.97,5.98,5.99,6.01,6.02,6.03,6.04,6.05,6.06,1300,600,10400,20600,19400,19700,19300,28000,19300,19300,9000,5600,20900,15300,3000,14300,15300,2500,11100,2700
168.0,5.95,64900,385620.0,5.95,5.93,5.91,5.9,5.89,5.88,5.87,5.86,5.85,5.84,5.96,5.97,5.98,5.99,6.01,6.02,6.03,6.04,6.05,6.06,1700,600,10400,20600,19400,19700,19300,28000,19300,19300,9400,5600,20900,15300,3000,14300,15300,2500,11100,2700
169.0,5.95,65300,388000.0,5.95,5.93,5.91,5.9,5.89,5.88,5.87,5.86,5.85,5.84,5.96,5.97,5.98,5.99,6.01,6.02,6.03,6.04,6.05,6.06,1400,600,10400,20600,19400,19700,19300,28000,19300,19300,9400,5600,20900,15300,3000,14300,15300,2500,11100,2700
170.0,5.95,65300,388000.0,5.95,5.93,5.91,5.9,5.89,5.88,5.87,5.86,5.85,5.84,5.96,5.97,5.98,5.99,6.01,6.02,6.03,6.04,6.05,6.06,2000,600,10400,20600,19400,19700,19300,28000,19300,19300,9000,5600,20900,15300,3000,14300,15300,2500,11100,2700
171.0,5.95,65500,389190.0,5.95,5.93,5.91,5.9,5.89,5.88,5.87,5.86,5.85,5.84,5.96,5.97,5.98,5.99,6.01,6.02,6.03,6.04,6.05,6.06,1800,600,10400,20600,19400,19700,19300,28000,19300,19300,9000,5600,20900,15300,3000,14300,15300,2500,11100,2700
172.0,5.95,65500,389190.0,5.95,5.93,5.91,5.9,5.89,5.88,5.87,5.86,5.85,5.84,5.96,5.97,5.98,5.99,6.01,6.02,6.03,6.04,6.05,6.06,1800,600,10400,20600,19400,19700,19300,28000,19300,19300,9000,5600,20900,15300,3000,14300,15300,2500,11100,2700
173.0,5.95,65600,389785.0,5.95,5.93,5.91,5.9,5.89,5.88,5.87,5.86,5.85,5.84,5.96,5.97,5.98,5.99,6.01,6.02,6.03,6.04,6.05,6.06,1700,600,10400,20600,19400,19700,19300,28000,19300,19300,9000,5600,20900,15300,3000,14300,15300,2500,11100,2700
174.0,5.95,65600,389785.0,5.95,5.93,5.91,5.9,5.89,5.88,5.87,5.86,5.85,5.84,5.96,5.97,5.98,5.99,6.01,6.02,6.03,6.04,6.05,6.06,1700,600,10400,20600,19400,19700,19300,28000,19300,19300,9000,5600,20900,15300,3000,14300,15300,2500,11100,2700
175.0,5.95,65600,389785.0,5.95,5.93,5.91,5.9,5.89,5.88,5.87,5.86,5.85,5.84,5.96,5.97,5.98,5.99,6.01,6.02,6.03,6.04,6.05,6.06,1700,600,10400,20600,19400,19700,19300,28000,19300,19300,9000,5600,20900,15300,3000,14300,15300,2500,11100,2700
176.0,5.95,65700,390380.0,5.95,5.93,5.91,5.9,5.89,5.88,5.87,5.86,5.85,5.84,5.96,5.97,5.98,5.99,6.01,6.02,6.03,6.04,6.05,6.06,1600,600,10400,20600,19400,19700,19300,28000,19300,19300,9000,5600,20900,15300,3000,14300,15300,2500,11100,2700
177.0,5.95,65700,390380.0,5.95,5.93,5.91,5.9,5.89,5.88,5.87,5.86,5.85,5.84,5.96,5.97,5.98,5.99,6.01,6.02,6.03,6.04,6.05,6.06,1600,600,10400,20600,19400,19700,19300,28000,19300,19300,9000,5600,20900,15300,3000,14300,15300,2500,11100,2700
178.0,5.95,65800,390975.0,5.95,5.93,5.91,5.9,5.89,5.88,5.87,5.86,5.85,5.84,5.96,5.97,5.98,5.99,6.01,6.02,6.03,6.04,6.05,6.06,1500,600,10400,20600,19400,19700,19300,28000,19300,19300,9000,5600,20900,15300,3000,14300,15300,2500,11100,2700
179.0,5.95,65800,390975.0,5.95,5.93,5.91,5.9,5.89,5.88,5.87,5.86,5.85,5.84,5.96,5.97,5.98,5.99,6.01,6.02,6.03,6.04,6.05,6.06,1500,600,10400,20600,19400,19700,19300,28000,19300,19300,9000,5600,20900,15300,3000,14300,15300,2500,11100,2700
180.0,5.95,66200,393355.0,5.95,5.93,5.91,5.9,5.89,5.88,5.87,5.86,5.85,5.84,5.96,5.97,5.98,5.99,6.01,6.02,6.03,6.04,6.05,6.06,1100,600,10400,20600,19400,19700,19300,28000,19300,19300,9000,5600,20900,15300,3000,14300,15300,2500,11100,2700
181.0,5.95,66200,393355.0,5.95,5.93,5.91,5.9,5.89,5.88,5.87,5.86,5.85,5.84,5.96,5.97,5.98,5.99,6.01,6.02,6.03,6.04,6.05,6.06,1500,600,10400,20600,19400,19700,19300,28000,19300,19300,9000,5600,20900,15300,3000,14300,15300,2500,11100,2700
182.0,5.95,68600,407635.0,5.93,5.91,5.9,5.89,5.88,5.87,5.86,5.85,5.84,5.83,5.95,5.96,5.97,5.98,5.99,6.01,6.02,6.03,6.04,6.05,1100,10400,20600,19400,19700,19300,28000,19300,19300,20400,27600,9000,5600,20900,15300,3000,14300,15300,2500,11100
183.0,5.93,68700,408228.0,5.93,5.91,5.9,5.89,5.88,5.87,5.86,5.85,5.84,5.83,5.95,5.96,5.97,5.98,5.99,6.01,6.02,6.03,6.04,6.05,1000,10400,20600,19400,19700,19300,28000,19300,19300,20400,27600,9000,5600,20900,15300,3000,14300,15300,2500,11100
184.0,5.95,72300,429648.0,5.93,5.91,5.9,5.89,5.88,5.87,5.86,5.85,5.84,5.83,5.95,5.96,5.97,5.98,5.99,6.01,6.02,6.03,6.04,6.05,2700,10400,20600,19400,19700,19300,28000,19300,19300,20400,24100,9000,5600,20900,15300,3000,14300,15300,2500,11100
185.0,5.95,72800,432619.0,5.94,5.93,5.91,5.9,5.89,5.88,5.87,5.86,5.85,5.84,5.95,5.96,5.97,5.98,5.99,6.01,6.02,6.03,6.04,6.05,900,2500,10400,20600,19400,19700,19300,28000,19300,19300,23800,9000,5600,20900,15300,3000,14300,15300,2500,11100
186.0,5.95,72800,432619.0,5.94,5.93,5.91,5.9,5.89,5.88,5.87,5.86,5.85,5.84,5.95,5.96,5.97,5.98,5.99,6.01,6.02,6.03,6.04,6.05,900,2500,10400,20600,19400,19700,19300,28000,19300,19300,23800,9000,5600,20900,15300,3000,14300,15300,2500,11100
187.0,5.95,72800,432619.0,5.94,5.93,5.91,5.9,5.89,5.88,5.87,5.86,5.85,5.84,5.95,5.96,5.97,5.98,5.99,6.01,6.02,6.03,6.04,6.05,900,2500,10400,20600,23400,19700,19300,28000,19300,19300,23800,9000,5600,20900,15300,3000,14300,15300,2500,11100
188.0,5.95,73100,434404.0,5.94,5.93,5.91,5.9,5.89,5.88,5.87,5.86,5.85,5.84,5.95,5.96,5.97,5.98,5.99,6.01,6.02,6.03,6.04,6.05,900,2500,10400,20600,23400,19700,19300,28000,19300,19300,23500,9000,5600,20900,15300,3000,14300,15300,2500,11100
189.0,5.95,74300,441544.0,5.94,5.93,5.91,5.9,5.89,5.88,5.87,5.86,5.85,5.84,5.95,5.96,5.97,5.98,5.99,6.01,6.02,6.03,6.04,6.05,900,2500,10400,20600,23400,19700,19300,28000,19300,19300,22300,9000,5600,20900,15300,3000,14300,15300,2500,11100
190.0,5.95,74500,442734.0,5.94,5.93,5.91,5.9,5.89,5.88,5.87,5.86,5.85,5.84,5.95,5.96,5.97,5.98,5.99,6.01,6.02,6.03,6.04,6.05,900,2500,10400,20600,23400,19700,19300,28000,19300,19300,22100,9000,5600,20900,15300,3000,14300,15300,2500,11100
191.0,5.95,74500,442734.0,5.94,5.93,5.91,5.9,5.89,5.88,5.87,5.86,5.85,5.84,5.95,5.96,5.97,5.98,5.99,6.01,6.02,6.03,6.04,6.05,900,2500,10400,20600,23400,19700,19300,28000,19300,19300,22100,9000,5600,20900,15300,3000,14300,15300,2500,11100
192.0,5.94,74600,443328.0,5.94,5.93,5.91,5.9,5.89,5.88,5.87,5.86,5.85,5.84,5.95,5.96,5.97,5.98,5.99,6.01,6.02,6.03,6.04,6.05,800,2500,10400,20600,23400,19700,19300,28000,19300,19300,22100,9000,5600,20900,15300,3000,14300,15300,2500,11100
193.0,5.94,74600,443328.0,5.94,5.93,5.91,5.9,5.89,5.88,5.87,5.86,5.85,5.84,5.95,5.96,5.97,5.98,5.99,6.01,6.02,6.03,6.04,6.05,1100,2500,10400,20600,23400,19700,19300,28000,19300,19300,22100,9000,5600,20900,15300,3000,14300,15300,2500,11100
194.0,5.95,75100,446302.0,5.94,5.93,5.91,5.9,5.89,5.88,5.87,5.86,5.85,5.84,5.95,5.96,5.97,5.98,5.99,6.01,6.02,6.03,6.04,6.05,1000,2500,10400,20600,23400,19700,19300,28000,19300,19300,21700,600,3600,20900,15300,3000,14300,15300,2500,11100
195.0,5.95,75100,446302.0,5.94,5.93,5.91,5.9,5.89,5.88,5.87,5.86,5.85,5.84,5.95,5.96,5.97,5.98,5.99,6.01,6.02,6.03,6.04,6.05,1000,2500,10400,20600,23400,19700,19300,28000,19300,19300,21700,600,3600,20900,15300,3000,14300,15300,2500,11100
196.0,5.95,75100,446302.0,5.94,5.93,5.91,5.9,5.89,5.88,5.87,5.86,5.85,5.84,5.95,5.96,5.97,5.98,5.99,6.01,6.02,6.03,6.04,6.05,1000,2500,10400,20600,23400,19700,19300,28000,19300,19300,21700,600,3600,20900,15300,3000,14300,15300,2500,11100
197.0,5.94,75200,446896.0,5.94,5.93,5.91,5.9,5.89,5.88,5.87,5.86,5.85,5.84,5.95,5.96,5.97,5.98,5.99,6.01,6.02,6.03,6.04,6.05,1000,2500,10400,20600,23400,19700,19300,28000,19300,19300,21700,600,3600,20900,15300,3000,14300,15300,2500,11100
198.0,5.94,75200,446896.0,5.94,5.93,5.91,5.9,5.89,5.88,5.87,5.86,5.85,5.84,5.95,5.96,5.97,5.98,5.99,6.01,6.02,6.03,6.04,6.05,1000,2500,10400,20600,23400,19700,19300,28000,19300,19300,21700,600,3600,20900,15300,3000,14300,15300,2500,11100
199.0,5.94,75300,447490.0,5.94,5.93,5.91,5.9,5.89,5.88,5.87,5.86,5.85,5.84,5.95,5.96,5.97,5.98,5.99,6.01,6.02,6.03,6.04,6.05,900,2500,10400,20600,23400,19700,19300,28000,19300,19300,21700,600,3600,20900,15300,3000,14300,15300,2500,11100
200.0,5.95,80000,475455.0,5.94,5.93,5.91,5.9,5.89,5.88,5.87,5.86,5.85,5.84,5.95,5.96,5.97,5.98,5.99,6.01,6.02,6.03,6.04,6.05,900,2300,10400,20600,23400,19700,19300,28000,19300,19300,17000,600,3600,20900,15300,3000,14300,15300,2500,11100
201.0,5.95,80100,476050.0,5.94,5.93,5.91,5.9,5.89,5.88,5.87,5.86,5.85,5.84,5.95,5.96,5.97,5.98,5.99,6.01,6.02,6.03,6.04,6.05,900,2300,10400,20600,23400,19700,19300,28000,19300,19300,16900,600,3600,20900,15300,3000,14300,15300,2500,11100
202.0,5.95,80100,476050.0,5.94,5.93,5.91,5.9,5.89,5.88,5.87,5.86,5.85,5.84,5.95,5.96,5.97,5.98,5.99,6.01,6.02,6.03,6.04,6.05,900,2300,10400,20600,23400,19700,19300,28000,19300,19300,16900,600,3600,20900,15300,3000,14300,15300,2500,11100
203.0,5.95,80600,479024.0,5.94,5.93,5.91,5.9,5.89,5.88,5.87,5.86,5.85,5.84,5.95,5.96,5.97,5.98,5.99,6.01,6.02,6.03,6.04,6.05,800,2300,10400,20600,23400,19700,19300,28000,19300,19300,16500,600,3600,20900,15300,3000,14300,15300,2500,11100
204.0,5.95,81500,484379.0,5.94,5.93,5.91,5.9,5.89,5.88,5.87,5.86,5.85,5.84,5.95,5.96,5.97,5.98,5.99,6.01,6.02,6.03,6.04,6.05,800,2300,10400,20600,23400,19700,19300,28000,19300,19300,15600,600,3600,20900,15300,3000,14300,15300,2500,11100
205.0,5.95,81500,484379.0,5.94,5.93,5.91,5.9,5.89,5.88,5.87,5.86,5.85,5.84,5.95,5.96,5.97,5.98,5.99,6.01,6.02,6.03,6.04,6.05,800,2300,10400,20600,23400,19700,19300,28000,19300,19300,15600,600,3600,20900,15300,3000,14300,15300,2500,11100
206.0,5.95,81500,484379.0,5.94,5.93,5.91,5.9,5.89,5.88,5.87,5.86,5.85,5.84,5.95,5.96,5.97,5.98,5.99,6.01,6.02,6.03,6.04,6.05,800,2300,10400,20600,23400,19700,19300,28000,19300,19300,15600,600,3600,20900,15300,3000,14300,15300,2500,11100
207.0,5.95,81500,484379.0,5.94,5.93,5.91,5.9,5.89,5.88,5.87,5.86,5.85,5.84,5.95,5.96,5.97,5.98,5.99,6.01,6.02,6.03,6.04,6.05,800,2300,10400,20600,23400,19700,19300,28000,19300,19300,15600,600,3600,20900,15300,3000,14300,15300,2500,11100
208.0,5.95,82600,490924.0,5.94,5.93,5.92,5.91,5.9,5.89,5.88,5.87,5.86,5.85,5.95,5.96,5.97,5.98,5.99,6.01,6.02,6.03,6.04,6.05,900,2300,200,10400,20600,23400,19700,19300,28000,19300,14500,600,3600,20900,15300,3000,14300,15300,2500,11100
209.0,5.94,82800,492113.0,5.94,5.93,5.92,5.91,5.9,5.89,5.88,5.87,5.86,5.85,5.95,5.96,5.97,5.98,5.99,6.01,6.02,6.03,6.04,6.05,800,2300,200,10400,20600,23400,19700,19300,28000,19300,14400,600,3600,20900,15300,3000,14300,15300,2500,11100
210.0,5.94,82800,492113.0,5.94,5.93,5.92,5.91,5.9,5.89,5.88,5.87,5.86,5.85,5.95,5.96,5.97,5.98,5.99,6.01,6.02,6.03,6.04,6.05,800,2300,200,10400,20600,23400,19700,19300,28000,19300,14400,600,3600,20900,15300,3000,14300,15300,2500,11100
211.0,5.94,82800,492113.0,5.94,5.93,5.92,5.91,5.9,5.89,5.88,5.87,5.86,5.85,5.95,5.96,5.97,5.98,5.99,6.01,6.02,6.03,6.04,6.05,800,2300,200,10400,20600,23400,19700,19300,28000,19300,14400,600,3600,20900,15300,3000,14300,15300,2500,11100
212.0,5.94,82800,492113.0,5.94,5.93,5.92,5.91,5.9,5.89,5.88,5.87,5.86,5.85,5.95,5.96,5.97,5.98,5.99,6.01,6.02,6.03,6.04,6.05,800,2300,200,10400,20600,23400,19700,19300,28000,19300,14400,600,3600,20900,15300,3000,14300,15300,2500,11100
213.0,5.94,82800,492113.0,5.94,5.93,5.92,5.91,5.9,5.89,5.88,5.87,5.86,5.85,5.95,5.96,5.97,5.98,5.99,6.01,6.02,6.03,6.04,6.05,800,2300,200,10400,20600,23400,19700,19300,28000,19300,14400,600,3600,20900,15300,3000,14300,15300,2500,11100
214.0,5.94,82800,492113.0,5.94,5.93,5.92,5.91,5.9,5.89,5.88,5.87,5.86,5.85,5.95,5.96,5.97,5.98,5.99,6.01,6.02,6.03,6.04,6.05,800,2300,200,10400,20600,23400,19700,19300,28000,19300,14400,600,3600,20900,15300,3000,14300,15300,2500,11100
215.0,5.95,84700,503417.0,5.94,5.93,5.92,5.91,5.9,5.89,5.88,5.87,5.86,5.85,5.95,5.96,5.97,5.98,5.99,6.0,6.01,6.02,6.03,6.04,700,2300,200,10400,20600,23400,19700,19300,28000,19300,12600,600,3600,20900,15300,100,3000,14300,15300,2500
216.0,5.95,84700,503417.0,5.94,5.93,5.92,5.91,5.9,5.89,5.88,5.87,5.86,5.85,5.95,5.96,5.97,5.98,5.99,6.0,6.01,6.02,6.03,6.04,700,2300,200,10400,20600,23400,19700,19300,28000,19300,12600,600,3600,20900,15300,100,3000,14300,15300,2500
217.0,5.95,92200,548036.0,5.94,5.93,5.92,5.91,5.9,5.89,5.88,5.87,5.86,5.85,5.95,5.96,5.97,5.98,5.99,6.0,6.01,6.02,6.03,6.04,100,2300,200,10400,20600,23400,19700,19300,28000,19300,5700,600,3600,20900,15300,100,6000,14300,15300,2500
218.0,5.95,92900,552201.0,5.94,5.93,5.92,5.91,5.9,5.89,5.88,5.87,5.86,5.85,5.95,5.96,5.97,5.98,5.99,6.0,6.01,6.02,6.03,6.04,100,2300,200,10400,20600,23400,19700,19300,28000,19300,5000,600,3600,20900,15300,100,6000,14300,15300,2500
219.0,5.95,92900,552201.0,5.94,5.93,5.92,5.91,5.9,5.89,5.88,5.87,5.86,5.85,5.95,5.96,5.97,5.98,5.99,6.0,6.01,6.02,6.03,6.04,100,2300,200,10400,20600,23400,19700,19300,28000,19300,5000,600,3600,20900,15300,100,6000,14300,15300,2500
220.0,5.95,93000,552796.0,5.94,5.93,5.92,5.91,5.9,5.89,5.88,5.87,5.86,5.85,5.95,5.96,5.97,5.98,5.99,6.0,6.01,6.02,6.03,6.04,300,2300,200,10400,20600,23400,19700,19300,28000,19300,4900,600,3600,20900,15300,100,6000,14300,15300,2500
221.0,5.95,93000,552796.0,5.94,5.93,5.92,5.91,5.9,5.89,5.88,5.87,5.86,5.85,5.95,5.96,5.97,5.98,5.99,6.0,6.01,6.02,6.03,6.04,300,2300,200,10400,20600,23400,19700,19300,28000,19300,4900,600,3600,20900,15300,100,6000,14300,15300,2500
222.0,5.95,93000,552796.0,5.94,5.93,5.92,5.91,5.9,5.89,5.88,5.87,5.86,5.85,5.95,5.96,5.97,5.98,5.99,6.0,6.01,6.02,6.03,6.04,300,2300,200,10400,20600,23400,19700,19300,28000,19300,4900,600,3600,20900,15300,100,6000,14300,15300,2500
223.0,5.95,93100,553391.0,5.94,5.93,5.92,5.91,5.9,5.89,5.88,5.87,5.86,5.85,5.95,5.96,5.97,5.98,5.99,6.0,6.01,6.02,6.03,6.04,300,2300,200,10400,20600,23400,19700,19300,28000,19300,4800,600,3600,20900,15300,100,6000,14300,15300,2500
224.0,5.95,93100,553391.0,5.94,5.93,5.92,5.91,5.9,5.89,5.88,5.87,5.86,5.85,5.95,5.96,5.97,5.98,5.99,6.0,6.01,6.02,6.03,6.04,300,2300,200,10400,20600,23400,19700,19300,28000,19300,4800,600,3600,20900,15300,100,6000,14300,15300,2500
225.0,5.95,93100,553391.0,5.94,5.93,5.92,5.91,5.9,5.89,5.88,5.87,5.86,5.85,5.95,5.96,5.97,5.98,5.99,6.0,6.01,6.02,6.03,6.04,300,2300,200,10400,20600,23400,19700,19300,28000,19300,4800,600,3600,20900,15300,100,6000,14300,15300,2500
226.0,5.95,97900,581951.0,5.95,5.94,5.93,5.92,5.91,5.9,5.89,5.88,5.87,5.86,5.96,5.97,5.98,5.99,6.0,6.01,6.02,6.03,6.04,6.05,600,300,2300,200,10400,20600,23400,19700,19300,28000,600,3600,20900,15300,100,6000,14300,15300,2500,11100
227.0,5.95,98000,582546.0,5.95,5.94,5.93,5.92,5.91,5.9,5.89,5.88,5.87,5.86,5.96,5.97,5.98,5.99,6.0,6.01,6.02,6.03,6.04,6.05,500,300,2300,200,10400,20600,23400,19700,19300,28000,600,3600,20900,15300,100,6000,14300,15300,2500,11100
228.0,5.95,98000,582546.0,5.95,5.94,5.93,5.92,5.91,5.9,5.89,5.88,5.87,5.86,5.96,5.97,5.98,5.99,6.0,6.01,6.02,6.03,6.04,6.05,500,300,2300,200,10400,20600,23400,19700,19300,28000,600,3600,20900,15300,100,6000,14300,15300,2500,11100
229.0,5.95,98000,582546.0,5.95,5.94,5.93,5.92,5.91,5.9,5.89,5.88,5.87,5.86,5.96,5.97,5.98,5.99,6.0,6.01,6.02,6.03,6.04,6.05,1900,300,2300,200,10400,20600,23400,19700,19300,28000,600,3600,20900,15300,100,6000,14300,15300,2500,11100
230.0,5.95,98000,582546.0,5.95,5.94,5.93,5.92,5.91,5.9,5.89,5.88,5.87,5.86,5.96,5.97,5.98,5.99,6.0,6.01,6.02,6.03,6.04,6.05,1900,300,2300,200,10400,20600,23400,19700,19300,28000,600,3600,20900,15300,100,6000,14300,15300,2500,11100
231.0,5.95,98000,582546.0,5.95,5.94,5.93,5.92,5.91,5.9,5.89,5.88,5.87,5.86,5.96,5.97,5.98,5.99,6.0,6.01,6.02,6.03,6.04,6.05,1900,300,2300,200,10400,20600,23400,19700,19300,28000,600,3600,20900,15300,100,6000,14300,15300,2500,11100
232.0,5.95,98000,582546.0,5.95,5.94,5.93,5.92,5.91,5.9,5.89,5.88,5.87,5.86,5.96,5.97,5.98,5.99,6.0,6.01,6.02,6.03,6.04,6.05,1900,300,2300,200,10400,20600,23400,19700,19300,28000,600,3600,20900,15300,100,6000,14300,15300,2500,11100
233.0,5.95,98000,582546.0,5.95,5.94,5.93,5.92,5.91,5.9,5.89,5.88,5.87,5.86,5.96,5.97,5.98,5.99,6.0,6.01,6.02,6.03,6.04,6.05,1900,300,2300,200,10400,20600,23400,19700,19300,28000,1800,3600,20900,15300,100,6000,14300,15300,2500,11100
234.0,5.95,98000,582546.0,5.95,5.94,5.93,5.92,5.91,5.9,5.89,5.88,5.87,5.86,5.96,5.97,5.98,5.99,6.0,6.01,6.02,6.03,6.04,6.05,1900,300,2300,200,10400,20600,23400,19700,19300,28000,1800,3600,20900,15300,100,6000,14300,15300,2500,11100
235.0,5.95,98200,583736.0,5.95,5.94,5.93,5.92,5.91,5.9,5.89,5.88,5.87,5.86,5.96,5.97,5.98,5.99,6.0,6.01,6.02,6.03,6.04,6.05,1700,300,2300,200,10400,20600,23400,19700,19300,28000,1800,3600,20900,15300,100,6000,14300,15300,2500,11100
236.0,5.95,98200,583736.0,5.95,5.94,5.93,5.92,5.91,5.9,5.89,5.88,5.87,5.86,5.96,5.97,5.98,5.99,6.0,6.01,6.02,6.03,6.04,6.05,1700,300,2300,200,10400,20600,23400,19700,19300,28000,1800,3600,20900,15300,100,6000,14300,15300,2500,11100
237.0,5.95,98200,583736.0,5.95,5.94,5.93,5.92,5.91,5.9,5.89,5.88,5.87,5.86,5.96,5.97,5.98,5.99,6.0,6.01,6.02,6.03,6.04,6.05,1700,300,2300,200,10400,20600,23400,19700,19300,28000,1800,3600,20900,15300,100,6000,14300,15300,2500,11100
238.0,5.95,98500,585521.0,5.95,5.94,5.93,5.92,5.91,5.9,5.89,5.88,5.87,5.86,5.96,5.97,5.98,5.99,6.0,6.01,6.02,6.03,6.04,6.05,1400,300,2300,200,10400,20600,23400,19700,19300,28000,1800,3600,20900,15300,100,6000,14300,15300,2500,11100
239.0,5.95,98500,585521.0,5.95,5.94,5.93,5.92,5.91,5.9,5.89,5.88,5.87,5.86,5.96,5.97,5.98,5.99,6.0,6.01,6.02,6.03,6.04,6.05,1400,300,2300,200,10400,20600,23400,19700,19300,28000,1800,3600,20900,15300,1600,6000,14300,15300,2500,11100
240.0,5.95,98500,585521.0,5.95,5.94,5.93,5.92,5.91,5.9,5.89,5.88,5.87,5.86,5.96,5.97,5.98,5.99,6.0,6.01,6.02,6.03,6.04,6.05,5400,300,2300,200,10400,20600,23400,19700,19300,28000,1800,3600,20900,15300,1600,6000,14300,15300,2500,11100
241.0,5.95,98500,585521.0,5.95,5.94,5.93,5.92,5.91,5.9,5.89,5.88,5.87,5.86,5.96,5.97,5.98,5.99,6.0,6.01,6.02,6.03,6.04,6.05,5400,300,2300,200,10400,20600,23400,19700,19300,28000,1800,3600,20900,15300,1600,6000,14300,15300,2500,11100
242.0,5.96,100800,599224.0,5.96,5.95,5.94,5.93,5.92,5.91,5.9,5.89,5.88,5.87,5.97,5.98,5.99,6.0,6.01,6.02,6.03,6.04,6.05,6.06,13800,4900,300,1900,200,10000,20600,23400,19700,19300,3600,20900,15300,1600,6000,14300,15300,2500,11100,2700
243.0,5.96,100800,599224.0,5.96,5.95,5.94,5.93,5.92,5.91,5.9,5.89,5.88,5.87,5.97,5.98,5.99,6.0,6.01,6.02,6.03,6.04,6.05,6.06,13800,4900,300,1900,200,10000,20600,23400,19700,19300,3600,20900,15300,1600,6000,14300,15300,2500,11100,2700
244.0,5.96,100800,599224.0,5.96,5.95,5.94,5.93,5.92,5.91,5.9,5.89,5.88,5.87,5.97,5.98,5.99,6.0,6.01,6.02,6.03,6.04,6.05,6.06,13800,4900,300,1900,200,10000,20600,23400,19700,19300,3600,20900,15300,1600,6000,14300,15300,2500,11100,2700
245.0,5.96,100800,599224.0,5.96,5.95,5.94,5.93,5.92,5.91,5.9,5.89,5.88,5.87,5.97,5.98,5.99,6.0,6.01,6.02,6.03,6.04,6.05,6.06,13800,4900,300,1900,200,10000,20600,23400,19700,19300,3600,20900,15300,1600,6000,14300,15300,2500,11100,2700
246.0,5.96,100800,599224.0,5.96,5.95,5.94,5.93,5.92,5.91,5.9,5.89,5.88,5.87,5.97,5.98,5.99,6.0,6.01,6.02,6.03,6.04,6.05,6.06,13800,4900,300,1900,200,10000,20600,23400,19700,19300,3600,20900,15300,1600,6000,14300,15300,2500,11100,2700
247.0,5.96,100800,599224.0,5.96,5.95,5.94,5.93,5.92,5.91,5.9,5.89,5.88,5.87,5.97,5.98,5.99,6.0,6.01,6.02,6.03,6.04,6.05,6.06,13900,4900,300,1900,200,10000,20600,23400,19700,19300,3600,20900,15300,1600,6000,14300,15300,2500,11100,2700
248.0,5.96,100800,599224.0,5.96,5.95,5.94,5.93,5.92,5.91,5.9,5.89,5.88,5.87,5.97,5.98,5.99,6.0,6.01,6.02,6.03,6.04,6.05,6.06,13900,4900,300,1900,200,10000,20600,23400,19700,19300,3600,20900,15300,1600,6000,14300,15300,2500,11100,2700
249.0,5.96,100800,599224.0,5.96,5.95,5.94,5.93,5.92,5.91,5.9,5.89,5.88,5.87,5.97,5.98,5.99,6.0,6.01,6.02,6.03,6.04,6.05,6.06,13900,4900,300,1900,200,10000,20600,23400,19700,19300,3600,20900,15300,1600,6000,14300,15300,2500,11100,2700
250.0,5.96,104800,623064.0,5.96,5.95,5.94,5.93,5.92,5.91,5.9,5.89,5.88,5.87,5.97,5.98,5.99,6.0,6.01,6.02,6.03,6.04,6.05,6.06,9900,4900,300,1900,200,10000,20600,23400,19700,19300,3600,20900,15300,1600,6000,14300,15300,2500,11100,2700
251.0,5.96,104800,623064.0,5.96,5.95,5.94,5.93,5.92,5.91,5.9,5.89,5.88,5.87,5.97,5.98,5.99,6.0,6.01,6.02,6.03,6.04,6.05,6.06,9900,4900,300,1900,200,10000,20600,23400,19700,19300,3600,20900,15300,1600,6000,14300,15300,2500,11100,2700
252.0,5.96,104800,623064.0,5.96,5.95,5.94,5.93,5.92,5.91,5.9,5.89,5.88,5.87,5.97,5.98,5.99,6.0,6.01,6.02,6.03,6.04,6.05,6.06,9900,4900,300,1900,200,10000,20600,23400,19700,19300,3600,20900,15300,1600,6000,14300,15300,2500,11100,2700
253.0,5.96,104800,623064.0,5.96,5.95,5.94,5.93,5.92,5.91,5.9,5.89,5.88,5.87,5.97,5.98,5.99,6.0,6.01,6.02,6.03,6.04,6.05,6.06,9900,4900,300,1900,200,10000,20600,23400,19700,19300,3600,20900,15300,1600,6000,14300,15300,2500,11100,2700
254.0,5.96,104800,623064.0,5.96,5.95,5.94,5.93,5.92,5.91,5.9,5.89,5.88,5.87,5.97,5.98,5.99,6.0,6.01,6.02,6.03,6.04,6.05,6.06,9900,4900,300,1900,200,10000,20600,23400,19700,19300,3600,20900,15300,1600,6000,14300,15300,2500,11100,2700
255.0,5.97,105100,624855.0,5.96,5.95,5.94,5.93,5.92,5.91,5.9,5.89,5.88,5.87,5.97,5.98,5.99,6.0,6.01,6.02,6.03,6.04,6.05,6.06,9900,4900,300,1900,200,10000,20600,23400,19700,19300,3300,20900,15300,1600,6000,14300,15300,2500,11100,2700
256.0,5.97,105100,624855.0,5.96,5.95,5.94,5.93,5.92,5.91,5.9,5.89,5.88,5.87,5.97,5.98,5.99,6.0,6.01,6.02,6.03,6.04,6.05,6.06,9900,4900,300,1900,200,10000,20600,23400,19700,19300,3300,20900,15300,1600,6000,14300,15300,2500,11100,2700
257.0,5.96,106000,630219.0,5.96,5.95,5.94,5.93,5.92,5.91,5.9,5.89,5.88,5.87,5.97,5.98,5.99,6.0,6.01,6.02,6.03,6.04,6.05,6.06,9000,4900,300,1900,200,10000,20600,23400,19700,19300,3300,20900,15300,1600,6000,14300,15300,2500,11100,2700
258.0,5.96,106000,630219.0,5.96,5.95,5.94,5.93,5.92,5.91,5.9,5.89,5.88,5.87,5.97,5.98,5.99,6.0,6.01,6.02,6.03,6.04,6.05,6.06,9000,4900,300,1900,200,10000,20600,23400,19700,19300,3300,20900,15300,1600,6000,14300,15300,2500,11100,2700
259.0,5.97,109300,649920.0,5.97,5.96,5.95,5.94,5.93,5.92,5.91,5.9,5.89,5.88,5.98,5.99,6.0,6.01,6.02,6.03,6.04,6.05,6.06,6.08,7400,9000,4900,300,1900,200,10000,20600,23400,19700,20900,15300,1600,6000,14300,15300,2500,11100,2700,2500
260.0,5.97,109300,649920.0,5.97,5.96,5.95,5.94,5.93,5.92,5.91,5.9,5.89,5.88,5.98,5.99,6.0,6.01,6.02,6.03,6.04,6.05,6.06,6.08,7400,9000,4900,300,1900,200,10000,20600,23400,19700,20900,15300,1600,6000,14300,15300,2500,11100,2700,2500
261.0,5.97,109300,649920.0,5.97,5.96,5.95,5.94,5.93,5.92,5.91,5.9,5.89,5.88,5.98,5.99,6.0,6.01,6.02,6.03,6.04,6.05,6.06,6.08,7400,9000,4900,300,1900,200,10000,20600,23400,19700,20900,15300,1600,6000,14300,15300,2500,11100,2700,2500
262.0,5.98,112300,667846.0,5.97,5.96,5.95,5.94,5.93,5.92,5.91,5.9,5.89,5.88,5.98,5.99,6.0,6.01,6.02,6.03,6.04,6.05,6.06,6.08,6000,9000,4900,300,1900,200,10000,20600,23400,19700,19300,15300,1600,6000,14300,15300,2500,11100,2700,2500
263.0,5.98,112300,667846.0,5.97,5.96,5.95,5.94,5.93,5.92,5.91,5.9,5.89,5.88,5.98,5.99,6.0,6.01,6.02,6.03,6.04,6.05,6.06,6.08,6000,9000,4900,300,1900,200,10000,20600,23400,19700,19300,15300,1600,6000,14300,15300,2500,11100,2700,2500
264.0,5.97,112900,671428.0,5.97,5.96,5.95,5.94,5.93,5.92,5.91,5.9,5.89,5.88,5.98,5.99,6.0,6.01,6.02,6.03,6.04,6.05,6.06,6.08,5400,9000,4500,300,1900,200,10000,20600,23400,19700,19300,15300,1600,6000,14300,15300,2500,11100,2700,2500
265.0,5.97,112900,671428.0,5.97,5.96,5.95,5.94,5.93,5.92,5.91,5.9,5.89,5.88,5.98,5.99,6.0,6.01,6.02,6.03,6.04,6.05,6.06,6.08,6400,9000,4100,300,1900,200,10000,20600,23400,19700,19300,15300,1600,6000,14300,15300,2500,11100,2700,2500
266.0,5.98,114600,681594.0,5.97,5.96,5.95,5.94,5.93,5.92,5.91,5.9,5.89,5.88,5.98,5.99,6.0,6.01,6.02,6.03,6.04,6.05,6.06,6.08,6400,9000,4100,300,1900,200,10000,20600,23400,19700,17600,15300,1600,6000,14300,15300,2500,11100,2700,2500
267.0,5.98,114600,681594.0,5.97,5.96,5.95,5.94,5.93,5.92,5.91,5.9,5.89,5.88,5.98,5.99,6.0,6.01,6.02,6.03,6.04,6.05,6.06,6.08,6400,9000,4100,300,1900,200,10000,20600,23400,19700,17600,15300,1600,6000,14300,15300,2500,11100,2700,2500
268.0,5.98,114600,681594.0,5.97,5.96,5.95,5.94,5.93,5.92,5.91,5.9,5.89,5.88,5.98,5.99,6.0,6.01,6.02,6.03,6.04,6.05,6.06,6.08,6400,9000,4100,300,1900,200,10000,20600,23400,19700,17600,15300,1600,6000,14300,15300,2500,11100,2700,2500
269.0,5.98,116200,691162.0,5.97,5.96,5.95,5.94,5.93,5.92,5.91,5.9,5.89,5.88,5.98,5.99,6.0,6.01,6.02,6.03,6.04,6.05,6.06,6.08,6400,9000,4100,300,1900,200,10000,20600,23400,19700,16000,15300,1600,6000,14300,15300,2500,11100,2700,2500
270.0,5.98,116200,691162.0,5.97,5.96,5.95,5.94,5.93,5.92,5.91,5.9,5.89,5.88,5.98,5.99,6.0,6.01,6.02,6.03,6.04,6.05,6.06,6.08,6400,9000,4100,300,1900,200,10000,20600,23400,19700,16000,15300,1600,6000,14300,15300,2500,11100,2700,2500
271.0,5.98,116200,691162.0,5.97,5.96,5.95,5.94,5.93,5.92,5.91,5.9,5.89,5.88,5.98,5.99,6.0,6.01,6.02,6.03,6.04,6.05,6.06,6.08,6400,9000,4100,300,1900,200,10000,20600,23400,19700,16000,15300,1600,6000,14300,15300,2500,11100,2700,2500
272.0,5.97,116800,694744.0,5.97,5.96,5.95,5.94,5.93,5.92,5.91,5.9,5.89,5.88,5.98,5.99,6.0,6.01,6.02,6.03,6.04,6.05,6.06,6.08,5800,9000,4100,300,1900,200,10000,20600,23400,19700,16000,15300,1600,6000,14300,15300,2500,11100,2700,2500
273.0,5.98,118400,704312.0,5.97,5.96,5.95,5.94,5.93,5.92,5.91,5.9,5.89,5.88,5.98,5.99,6.0,6.01,6.02,6.03,6.04,6.05,6.06,6.08,5800,9000,4100,300,1900,200,10000,20600,23400,19700,14400,15300,1600,6000,14300,15300,2500,11100,2700,2500
274.0,5.97,120000,713864.0,5.97,5.96,5.95,5.94,5.93,5.92,5.91,5.9,5.89,5.88,5.98,5.99,6.0,6.01,6.02,6.03,6.04,6.05,6.06,6.08,4200,9000,4100,300,1900,200,10000,20600,23400,19700,14400,15300,1600,6000,14300,15300,2500,11100,2700,2500
275.0,5.97,120000,713864.0,5.97,5.96,5.95,5.94,5.93,5.92,5.91,5.9,5.89,5.88,5.98,5.99,6.0,6.01,6.02,6.03,6.04,6.05,6.06,6.08,4200,9000,4100,300,1900,200,10000,20600,23400,19700,14400,15300,1600,6000,14300,15300,2500,11100,2700,2500
276.0,5.98,121400,722236.0,5.97,5.96,5.95,5.94,5.93,5.92,5.91,5.9,5.89,5.88,5.98,5.99,6.0,6.01,6.02,6.03,6.04,6.05,6.06,6.08,4200,9000,4100,300,1900,200,10000,20600,23400,19700,13000,15300,1600,6000,14300,15300,2500,11100,2700,2500
277.0,5.98,121700,724030.0,5.97,5.96,5.95,5.94,5.93,5.92,5.91,5.9,5.89,5.88,5.98,5.99,6.0,6.01,6.02,6.03,6.04,6.05,6.06,6.08,4200,9000,4100,300,1900,200,10000,20600,23400,19700,12700,15300,1600,6000,14300,15300,2500,11100,2700,2500
278.0,5.98,121700,724030.0,5.97,5.96,5.95,5.94,5.93,5.92,5.91,5.9,5.89,5.88,5.98,5.99,6.0,6.01,6.02,6.03,6.04,6.05,6.06,6.08,4200,9000,4100,300,1900,200,10000,20600,23400,19700,12700,15300,1600,6000,14300,15300,2500,11100,2700,2500
279.0,5.97,122100,726418.0,5.97,5.96,5.95,5.94,5.93,5.92,5.91,5.9,5.89,5.88,5.98,5.99,6.0,6.01,6.02,6.03,6.04,6.05,6.06,6.08,3800,9000,4100,300,1900,200,10000,20600,23400,19700,12700,15300,1600,6000,14300,15300,2500,11100,2700,2500
280.0,5.97,122100,726418.0,5.97,5.96,5.95,5.94,5.93,5.92,5.91,5.9,5.89,5.88,5.98,5.99,6.0,6.01,6.02,6.03,6.04,6.05,6.06,6.08,3800,9000,4100,300,1900,200,10000,20600,23400,19700,12700,15300,1600,6000,14300,15300,2500,11100,2700,2500
281.0,5.97,122100,726418.0,5.97,5.96,5.95,5.94,5.93,5.92,5.91,5.9,5.89,5.88,5.98,5.99,6.0,6.01,6.02,6.03,6.04,6.05,6.06,6.08,3800,9000,4100,300,1900,200,10000,20600,23400,19700,12700,15300,1600,6000,14300,15300,2500,11100,2700,2500
282.0,5.97,122100,726418.0,5.97,5.96,5.95,5.94,5.93,5.92,5.91,5.9,5.89,5.88,5.98,5.99,6.0,6.01,6.02,6.03,6.04,6.05,6.06,6.08,3800,9000,4100,300,1900,200,10000,20600,23400,19700,12700,15300,1600,6000,14300,15300,2500,11100,2700,2500
283.0,5.97,122100,726418.0,5.97,5.96,5.95,5.94,5.93,5.92,5.91,5.9,5.89,5.88,5.98,5.99,6.0,6.01,6.02,6.03,6.04,6.05,6.06,6.08,3800,9000,4100,300,1900,200,10000,20600,23400,19700,12700,15300,1600,6000,14300,15300,2500,11100,2700,2500
284.0,5.97,122100,726418.0,5.97,5.96,5.95,5.94,5.93,5.92,5.91,5.9,5.89,5.88,5.98,5.99,6.0,6.01,6.02,6.03,6.04,6.05,6.06,6.08,3800,9000,4100,300,1900,200,10000,20600,23400,19700,12700,15300,1600,6000,14300,15300,2500,11100,2700,2500
285.0,5.97,122800,730597.0,5.97,5.96,5.95,5.94,5.93,5.92,5.91,5.9,5.89,5.88,5.98,5.99,6.0,6.01,6.02,6.03,6.04,6.05,6.06,6.08,3100,9000,4100,300,1900,200,10000,20600,23400,19700,12700,15300,1600,6000,14300,15300,2500,11100,2700,2500
286.0,5.97,123100,732388.0,5.97,5.96,5.95,5.94,5.93,5.92,5.91,5.9,5.89,5.88,5.98,5.99,6.0,6.01,6.02,6.03,6.04,6.05,6.06,6.08,2800,9000,4100,300,1900,200,10000,20600,23400,19700,12700,15300,1600,6000,14300,15300,2500,11100,2700,2500
287.0,5.98,123200,732986.0,5.97,5.96,5.95,5.94,5.93,5.92,5.91,5.9,5.89,5.88,5.98,5.99,6.0,6.01,6.02,6.03,6.04,6.05,6.06,6.08,8800,9000,4100,300,1900,200,10000,20600,23400,19700,12600,15300,1600,6000,14300,15300,2500,11100,2700,2500
288.0,5.98,123200,732986.0,5.97,5.96,5.95,5.94,5.93,5.92,5.91,5.9,5.89,5.88,5.98,5.99,6.0,6.01,6.02,6.03,6.04,6.05,6.06,6.08,8800,9000,4100,300,1900,200,10000,20600,23400,19700,12600,15300,1600,6000,14300,15300,2500,11100,2700,2500
289.0,5.98,123200,732986.0,5.97,5.96,5.95,5.94,5.93,5.92,5.91,5.9,5.89,5.88,5.98,5.99,6.0,6.01,6.02,6.03,6.04,6.05,6.06,6.08,8800,9000,4100,300,1900,200,10000,20600,23400,19700,12600,15300,1600,6000,14300,15300,2500,11100,2700,2500
290.0,5.98,145300,865144.0,5.97,5.96,5.95,5.94,5.93,5.91,5.9,5.89,5.88,5.87,5.98,5.99,6.0,6.01,6.02,6.03,6.04,6.05,6.06,6.08,8900,9000,4100,300,1900,10000,20600,23400,19700,19300,100,15300,1600,6000,14300,15300,2500,11100,2700,2500
291.0,5.98,145300,865144.0,5.97,5.96,5.95,5.94,5.93,5.91,5.9,5.89,5.88,5.87,5.98,5.99,6.0,6.01,6.02,6.03,6.04,6.05,6.06,6.08,8900,9000,4100,300,1900,10000,20600,23400,19700,19300,100,15300,1600,6000,14300,15300,2500,11100,2700,2500
292.0,5.98,145300,865144.0,5.97,5.96,5.95,5.94,5.93,5.91,5.9,5.89,5.88,5.87,5.98,5.99,6.0,6.01,6.02,6.03,6.04,6.05,6.06,6.08,8900,9000,4100,300,1900,10000,20600,23400,19700,19300,100,15300,1600,6000,14300,15300,2500,11100,2700,2500
293.0,5.97,146100,869920.0,5.97,5.96,5.95,5.94,5.93,5.91,5.9,5.89,5.88,5.87,5.98,5.99,6.0,6.01,6.02,6.03,6.04,6.05,6.06,6.08,8100,9000,4100,300,1900,10000,20600,23400,19700,19300,100,15300,1600,6000,14300,15300,2500,11100,2700,2500
294.0,5.97,146900,874696.0,5.97,5.96,5.95,5.94,5.93,5.91,5.9,5.89,5.88,5.87,5.98,5.99,6.0,6.01,6.02,6.03,6.04,6.05,6.06,6.08,7300,9000,4100,300,1900,10000,20600,23400,19700,19300,100,15300,1600,6000,14300,15300,2500,11100,2700,2500
295.0,5.97,146900,874696.0,5.97,5.96,5.95,5.94,5.93,5.91,5.9,5.89,5.88,5.87,5.98,5.99,6.0,6.01,6.02,6.03,6.04,6.05,6.06,6.08,7300,9000,4100,300,1900,10000,20600,23400,19700,19300,100,15300,1600,6000,14300,15300,2500,11100,2700,2500
296.0,5.98,147000,875294.0,5.98,5.97,5.96,5.95,5.94,5.93,5.91,5.9,5.89,5.88,5.99,6.0,6.01,6.02,6.03,6.04,6.05,6.06,6.08,6.09,4700,7300,9000,4100,300,1900,10000,20600,23400,19700,15300,1600,6000,14300,15300,2500,12600,2700,2500,10000
297.0,5.98,148300,883068.0,5.98,5.97,5.96,5.95,5.94,5.93,5.91,5.9,5.89,5.88,5.99,6.0,6.01,6.02,6.03,6.04,6.05,6.06,6.08,6.09,3400,7300,9000,4100,300,1900,10000,20600,23400,19700,15300,1600,6000,14300,15300,2500,12600,2700,2500,10000
298.0,5.98,148300,883068.0,5.98,5.97,5.96,5.95,5.94,5.93,5.91,5.9,5.89,5.88,5.99,6.0,6.01,6.02,6.03,6.04,6.05,6.06,6.08,6.09,3400,7300,9000,4100,300,1900,10000,20600,23400,19700,15300,1600,6000,14300,15300,2500,12600,2700,2500,10000
299.0,5.98,148300,883068.0,5.98,5.97,5.96,5.95,5.94,5.93,5.91,5.9,5.89,5.88,5.99,6.0,6.01,6.02,6.03,6.04,6.05,6.06,6.08,6.09,3400,7300,9000,4100,300,1900,10000,20600,23400,19700,15300,1600,6000,14300,15300,2500,12600,2700,2500,10000
300.0,5.98,148600,884862.0,5.98,5.97,5.96,5.95,5.94,5.93,5.91,5.9,5.89,5.88,5.99,6.0,6.01,6.02,6.03,6.04,6.05,6.06,6.08,6.09,3100,7300,9000,4100,300,1900,10000,20600,23400,19700,15300,1600,6000,14300,15300,2500,12600,2700,2500,10000
301.0,5.98,148600,884862.0,5.98,5.97,5.96,5.95,5.94,5.93,5.91,5.9,5.89,5.88,5.99,6.0,6.01,6.02,6.03,6.04,6.05,6.06,6.08,6.09,3100,7300,9000,4100,300,1900,10000,20600,23400,19700,15300,1600,6000,14300,15300,2500,12600,2700,2500,10000
302.0,5.98,148900,886656.0,5.98,5.97,5.96,5.95,5.94,5.93,5.91,5.9,5.89,5.88,5.99,6.0,6.01,6.02,6.03,6.04,6.05,6.06,6.08,6.09,2900,7300,9000,4100,300,1900,10000,20600,23400,19700,15300,1600,6000,14300,15300,2500,12600,2700,2500,10000
303.0,5.98,149100,887852.0,5.98,5.97,5.96,5.95,5.94,5.93,5.91,5.9,5.89,5.88,5.99,6.0,6.01,6.02,6.03,6.04,6.05,6.06,6.08,6.09,2800,1300,9000,4100,300,1900,10000,20600,23400,19700,15300,1600,6000,14300,15300,2500,12600,2700,2500,10000
304.0,5.98,149100,887852.0,5.98,5.97,5.96,5.95,5.94,5.93,5.91,5.9,5.89,5.88,5.99,6.0,6.01,6.02,6.03,6.04,6.05,6.06,6.08,6.09,2800,1300,9000,4100,300,1900,10000,20600,23400,19700,15300,1600,6000,14300,15300,2500,12600,2700,2500,10000
305.0,5.98,149100,887852.0,5.98,5.97,5.96,5.95,5.94,5.93,5.91,5.9,5.89,5.88,5.99,6.0,6.01,6.02,6.03,6.04,6.05,6.06,6.08,6.09,3000,1300,9000,4100,300,1900,10000,20600,23400,19700,15300,1600,6000,14300,15300,2500,12600,2700,2500,10000
306.0,5.98,149100,887852.0,5.98,5.97,5.96,5.95,5.94,5.93,5.91,5.9,5.89,5.88,5.99,6.0,6.01,6.02,6.03,6.04,6.05,6.06,6.08,6.09,3000,1300,9000,4100,300,1900,10000,20600,23400,19700,15300,1600,6000,14300,15300,2500,12600,2700,2500,10000
307.0,5.98,149400,889646.0,5.98,5.97,5.96,5.95,5.94,5.93,5.91,5.9,5.89,5.88,5.99,6.0,6.01,6.02,6.03,6.04,6.05,6.06,6.08,6.09,2700,1300,9000,4100,300,1900,10000,20600,23400,19700,15300,1600,6000,14300,15300,2500,12600,2700,2500,10000
308.0,5.98,149900,892636.0,5.98,5.97,5.96,5.95,5.94,5.93,5.91,5.9,5.89,5.88,5.99,6.0,6.01,6.02,6.03,6.04,6.05,6.06,6.08,6.09,2200,1300,9000,4100,300,1900,10000,20600,23400,19700,15300,1600,6000,14300,15300,2500,12600,2700,2500,10000
309.0,5.99,150300,895030.0,5.98,5.97,5.96,5.95,5.94,5.93,5.91,5.9,5.89,5.88,5.99,6.0,6.01,6.02,6.03,6.04,6.05,6.06,6.08,6.09,2000,1300,9000,4100,300,1900,10000,20600,23400,19700,15100,1600,6000,14300,15300,2500,12600,2700,2500,10000
310.0,5.98,150500,896226.0,5.98,5.97,5.96,5.95,5.94,5.93,5.91,5.9,5.89,5.88,5.99,6.0,6.01,6.02,6.03,6.04,6.05,6.06,6.08,6.09,1800,1300,9000,4100,300,1900,10000,20600,23400,19700,15100,1600,6000,14300,15300,2500,12600,2700,2500,10000
311.0,5.98,150500,896226.0,5.98,5.97,5.96,5.95,5.94,5.93,5.91,5.9,5.89,5.88,5.99,6.0,6.01,6.02,6.03,6.04,6.05,6.06,6.08,6.09,1800,1300,9000,4100,300,1900,10000,20600,23400,19700,15100,1600,6000,14300,15300,2500,12600,2700,2500,10000
312.0,5.98,150500,896226.0,5.98,5.97,5.96,5.95,5.94,5.93,5.91,5.9,5.89,5.88,5.99,6.0,6.01,6.02,6.03,6.04,6.05,6.06,6.08,6.09,1800,1300,9000,4100,300,1900,10000,20600,23400,19700,15100,1600,6000,14300,15300,2500,12600,2700,2500,10000
313.0,5.97,158300,942866.0,5.97,5.96,5.95,5.94,5.93,5.91,5.9,5.89,5.88,5.87,5.98,5.99,6.0,6.01,6.02,6.03,6.04,6.05,6.06,6.08,900,9000,4000,300,200,10000,20600,23400,19700,19300,5900,15100,1600,6000,14300,15300,2500,12600,2700,2500
314.0,5.97,158300,942866.0,5.97,5.96,5.95,5.94,5.93,5.91,5.9,5.89,5.88,5.87,5.98,5.99,6.0,6.01,6.02,6.03,6.04,6.05,6.06,6.08,900,9000,4000,300,200,10000,20600,23400,19700,19300,5900,15100,1600,6000,14300,15300,2500,12600,2700,2500
315.0,5.97,158300,942866.0,5.97,5.96,5.95,5.94,5.93,5.91,5.9,5.89,5.88,5.87,5.98,5.99,6.0,6.01,6.02,6.03,6.04,6.05,6.06,6.08,900,9000,4000,300,200,10000,20600,23400,19700,19300,5900,15100,1600,6000,14300,15300,2500,12600,2700,2500
316.0,5.96,161400,961351.0,5.96,5.95,5.94,5.93,5.91,5.9,5.89,5.88,5.87,5.86,5.97,5.98,5.99,6.0,6.01,6.02,6.03,6.04,6.05,6.06,6800,4000,300,200,10000,20600,23400,19700,19300,28000,7000,6100,15100,1600,6000,14300,15300,2500,12600,2700
317.0,5.96,162600,968503.0,5.96,5.95,5.94,5.93,5.91,5.9,5.89,5.88,5.87,5.86,5.97,5.98,5.99,6.0,6.01,6.02,6.03,6.04,6.05,6.06,5600,4000,300,200,10000,20600,23400,19700,19300,28000,7000,6100,15100,1600,6000,14300,15300,2500,12600,2700
318.0,5.96,162600,968503.0,5.96,5.95,5.94,5.93,5.91,5.9,5.89,5.88,5.87,5.86,5.97,5.98,5.99,6.0,6.01,6.02,6.03,6.04,6.05,6.06,5600,4000,300,200,10000,20600,23400,19700,19300,28000,7000,6100,15100,1600,6000,14300,15300,2500,12600,2700
319.0,5.96,162600,968503.0,5.96,5.95,5.94,5.93,5.91,5.9,5.89,5.88,5.87,5.86,5.97,5.98,5.99,6.0,6.01,6.02,6.03,6.04,6.05,6.06,5600,4000,300,200,10000,20600,23400,19700,19300,28000,7000,6100,15100,1600,6000,14300,15300,2500,12600,2700
320.0,5.96,163700,975059.0,5.96,5.95,5.94,5.93,5.91,5.9,5.89,5.88,5.87,5.86,5.97,5.98,5.99,6.0,6.01,6.02,6.03,6.04,6.05,6.06,4500,4000,300,200,10000,20600,23400,19700,19300,28000,6700,6100,15100,1600,6000,14300,15300,2500,12600,2700
321.0,5.96,164100,977443.0,5.96,5.95,5.94,5.93,5.91,5.9,5.89,5.88,5.87,5.86,5.97,5.98,5.99,6.0,6.01,6.02,6.03,6.04,6.05,6.06,14100,4000,300,200,10000,20600,23400,19700,19300,28000,6700,6100,15100,1600,6000,14300,15300,2500,12600,2700
322.0,5.96,164100,977443.0,5.96,5.95,5.94,5.93,5.91,5.9,5.89,5.88,5.87,5.86,5.97,5.98,5.99,6.0,6.01,6.02,6.03,6.04,6.05,6.06,14100,4000,300,200,10000,20600,23400,19700,19300,28000,7000,6100,15100,1600,6000,14300,15300,2500,12600,2700
323.0,5.96,164100,977443.0,5.96,5.95,5.94,5.93,5.91,5.9,5.89,5.88,5.87,5.86,5.97,5.98,5.99,6.0,6.01,6.02,6.03,6.04,6.05,6.06,14100,4000,300,200,10000,20600,23400,19700,19300,24000,7200,6100,15100,1600,6000,14300,15300,2500,12600,2700
324.0,5.96,166900,994131.0,5.96,5.95,5.94,5.93,5.91,5.9,5.89,5.88,5.87,5.86,5.97,5.98,5.99,6.0,6.01,6.02,6.03,6.04,6.05,6.06,11300,4000,300,200,10000,20600,23400,19700,19300,24000,7200,6100,15100,1600,6000,14300,15300,2500,12600,2700
325.0,5.96,166900,994131.0,5.96,5.95,5.94,5.93,5.91,5.9,5.89,5.88,5.87,5.86,5.97,5.98,5.99,6.0,6.01,6.02,6.03,6.04,6.05,6.06,11300,4000,300,200,10000,20600,23400,19700,19300,24000,7200,6100,15100,1600,6000,14300,15300,2500,12600,2700
326.0,5.97,172600,1028160.0,5.96,5.95,5.94,5.93,5.91,5.9,5.89,5.88,5.87,5.86,5.97,5.98,5.99,6.0,6.01,6.02,6.03,6.04,6.05,6.06,11300,4000,300,200,10000,20600,23400,19700,19300,24000,1500,6200,15100,1600,6000,14300,15300,2500,12600,2700
327.0,5.96,173700,1034716.0,5.96,5.95,5.94,5.93,5.91,5.9,5.89,5.88,5.87,5.86,5.97,5.98,5.99,6.0,6.01,6.02,6.03,6.04,6.05,6.06,10200,4000,300,200,10000,20600,23400,19700,19300,24000,1700,7200,15100,1600,6000,14300,15300,2500,12600,2700
328.0,5.96,173700,1034716.0,5.96,5.95,5.94,5.93,5.91,5.9,5.89,5.88,5.87,5.86,5.97,5.98,5.99,6.0,6.01,6.02,6.03,6.04,6.05,6.06,10200,4000,300,200,10000,20600,23400,19700,19300,24000,2100,7200,15100,2100,6000,14300,15300,2500,12600,4200
329.0,5.96,173700,1034716.0,5.96,5.95,5.94,5.93,5.91,5.9,5.89,5.88,5.87,5.86,5.97,5.98,5.99,6.0,6.01,6.02,6.03,6.04,6.05,6.06,10200,4000,300,200,10000,20600,23400,19700,19300,24000,2100,7200,15100,2100,6000,14300,15300,2500,12600,4200
330.0,5.96,174700,1040676.0,5.96,5.95,5.94,5.93,5.91,5.9,5.89,5.88,5.87,5.86,5.97,5.98,5.99,6.0,6.01,6.02,6.03,6.04,6.05,6.06,9200,4000,300,200,10000,20600,23400,19700,19300,24000,2100,7200,15100,2100,6000,14300,15300,2500,12600,4200
331.0,5.96,176700,1052598.0,5.96,5.95,5.94,5.93,5.91,5.9,5.89,5.88,5.87,5.86,5.97,5.98,5.99,6.0,6.01,6.02,6.03,6.04,6.05,6.06,7400,4000,300,200,10000,20600,23400,19700,19300,24000,1900,7200,15100,2100,6000,14300,15300,2500,12600,4200
332.0,5.97,177900,1059755.0,5.96,5.95,5.94,5.93,5.91,5.9,5.89,5.88,5.87,5.86,5.97,5.98,5.99,6.0,6.01,6.02,6.03,6.04,6.05,6.06,6700,4000,1900,200,10000,20600,23400,19700,19300,24000,1400,7200,15100,2100,6000,14300,15300,2500,12600,4200
333.0,5.97,180300,1074067.0,5.96,5.95,5.94,5.93,5.91,5.9,5.89,5.88,5.87,5.86,5.97,5.98,5.99,6.0,6.01,6.02,6.03,6.04,6.05,6.06,5100,4000,1900,200,10000,20600,23400,19700,19300,24000,600,7200,15100,2100,6000,14300,15300,2500,12600,4200
334.0,5.97,180400,1074664.0,5.96,5.95,5.94,5.93,5.91,5.9,5.89,5.88,5.87,5.86,5.97,5.98,5.99,6.0,6.01,6.02,6.03,6.04,6.05,6.06,5100,4000,1900,200,10000,20600,23400,19700,19300,24000,500,7200,15100,2100,6000,14300,15300,2500,12600,4200
335.0,5.98,183700,1094393.0,5.96,5.95,5.94,5.93,5.91,5.9,5.89,5.88,5.87,5.86,5.98,5.99,6.0,6.01,6.02,6.03,6.04,6.05,6.06,6.08,5100,4000,1900,200,10000,20600,23400,19700,19300,24000,4400,15100,2100,6000,14300,15300,2500,12600,4200,2500
336.0,5.98,183700,1094393.0,5.96,5.95,5.94,5.93,5.91,5.9,5.89,5.88,5.87,5.86,5.98,5.99,6.0,6.01,6.02,6.03,6.04,6.05,6.06,6.08,5900,4000,1900,200,10000,20600,23400,19700,19300,24000,5200,15100,2100,6000,14300,15300,2500,12600,4200,2500
337.0,5.96,184200,1097373.0,5.97,5.96,5.95,5.94,5.93,5.91,5.9,5.89,5.88,5.87,5.98,5.99,6.0,6.01,6.02,6.03,6.04,6.05,6.06,6.08,200,5700,4000,1900,200,10000,20600,23400,19700,19300,5800,15100,2100,6000,14300,15300,2500,12600,4200,2500
338.0,5.96,184200,1097373.0,5.97,5.96,5.95,5.94,5.93,5.91,5.9,5.89,5.88,5.87,5.98,5.99,6.0,6.01,6.02,6.03,6.04,6.05,6.06,6.08,200,5700,4000,1900,200,10000,20600,23400,19700,19300,5800,15100,2100,6000,14300,15300,2500,12600,4200,2500
339.0,5.98,184800,1100961.0,5.97,5.96,5.95,5.94,5.93,5.91,5.9,5.89,5.88,5.87,5.98,5.99,6.0,6.01,6.02,6.03,6.04,6.05,6.06,6.08,200,5700,4000,1900,200,10000,20600,23400,19700,19300,5200,15100,2100,6000,14300,15300,2500,12600,4200,2500
340.0,5.98,184800,1100961.0,5.97,5.96,5.95,5.94,5.93,5.91,5.9,5.89,5.88,5.87,5.98,5.99,6.0,6.01,6.02,6.03,6.04,6.05,6.06,6.08,200,5700,4000,1900,200,10000,20600,23400,19700,19300,5200,15100,2100,6000,14300,15300,2500,12600,4200,2500
341.0,5.98,184800,1100961.0,5.97,5.96,5.95,5.94,5.93,5.91,5.9,5.89,5.88,5.87,5.98,5.99,6.0,6.01,6.02,6.03,6.04,6.05,6.06,6.08,200,5700,4000,1900,200,10000,20600,23400,19700,19300,5200,15100,2100,6000,14300,15300,2500,12600,4200,2500
342.0,5.98,184800,1100961.0,5.97,5.96,5.95,5.94,5.93,5.91,5.9,5.89,5.88,5.87,5.98,5.99,6.0,6.01,6.02,6.03,6.04,6.05,6.06,6.08,200,5700,4000,1900,200,10000,20600,23400,19700,19300,5200,15100,2100,6000,14300,15300,2500,12600,4200,2500
343.0,5.98,184800,1100961.0,5.97,5.96,5.95,5.94,5.93,5.91,5.9,5.89,5.88,5.87,5.98,5.99,6.0,6.01,6.02,6.03,6.04,6.05,6.06,6.08,200,5700,4000,1900,200,10000,20600,23400,19700,19300,6200,15100,2100,6000,14300,15300,2500,12600,4200,2500
344.0,5.98,184800,1100961.0,5.97,5.96,5.95,5.94,5.93,5.91,5.9,5.89,5.88,5.87,5.98,5.99,6.0,6.01,6.02,6.03,6.04,6.05,6.06,6.08,200,5700,4000,1900,200,10000,20600,23400,19700,19300,6200,15100,2100,6000,14300,15300,2500,12600,4200,2500
345.0,5.98,184800,1100961.0,5.97,5.96,5.95,5.94,5.93,5.91,5.9,5.89,5.88,5.87,5.98,5.99,6.0,6.01,6.02,6.03,6.04,6.05,6.06,6.08,200,5700,4000,1900,200,10000,20600,23400,19700,19300,6600,15100,2100,6000,14300,15300,2500,12600,4200,2500
346.0,5.98,184800,1100961.0,5.97,5.96,5.95,5.94,5.93,5.91,5.9,5.89,5.88,5.87,5.98,5.99,6.0,6.01,6.02,6.03,6.04,6.05,6.06,6.08,200,5700,4000,1900,200,10000,20600,23400,19700,19300,6600,15100,2100,6000,14300,15300,2500,12600,4200,2500
347.0,5.98,184800,1100961.0,5.97,5.96,5.95,5.94,5.93,5.91,5.9,5.89,5.88,5.87,5.98,5.99,6.0,6.01,6.02,6.03,6.04,6.05,6.06,6.08,200,5700,4000,1900,200,10000,20600,23400,19700,19300,6600,15100,2100,6000,14300,15300,2500,12600,4200,2500
348.0,5.98,184800,1100961.0,5.97,5.96,5.95,5.94,5.93,5.91,5.9,5.89,5.88,5.87,5.98,5.99,6.0,6.01,6.02,6.03,6.04,6.05,6.06,6.08,200,5700,4000,1900,200,10000,20600,23400,19700,19300,6600,15100,2100,6000,14300,15300,2500,12600,4200,2500
349.0,5.98,184800,1100961.0,5.97,5.96,5.95,5.94,5.93,5.91,5.9,5.89,5.88,5.87,5.98,5.99,6.0,6.01,6.02,6.03,6.04,6.05,6.06,6.08,200,5700,4000,1900,200,10000,20600,23400,19700,19300,6600,15100,2100,6000,14300,15300,2500,12600,4200,2500
350.0,5.98,184800,1100961.0,5.97,5.96,5.95,5.94,5.93,5.91,5.9,5.89,5.88,5.87,5.98,5.99,6.0,6.01,6.02,6.03,6.04,6.05,6.06,6.08,200,5700,4000,1900,200,10000,20600,23400,19700,19300,6600,15100,2100,6000,14300,15300,2500,12600,4200,2500
351.0,5.98,184800,1100961.0,5.97,5.96,5.95,5.94,5.93,5.91,5.9,5.89,5.88,5.87,5.98,5.99,6.0,6.01,6.02,6.03,6.04,6.05,6.06,6.08,200,5700,4000,1900,200,10000,20600,23400,19700,19300,6600,15100,2100,6000,14300,15300,2500,12600,4200,2500
352.0,5.98,184900,1101559.0,5.97,5.96,5.95,5.94,5.93,5.91,5.9,5.89,5.88,5.87,5.98,5.99,6.0,6.01,6.02,6.03,6.04,6.05,6.06,6.08,200,5700,4000,1900,200,10000,20600,23400,19700,19300,6500,15100,2100,6000,14300,15300,2500,12600,4200,2500
353.0,5.98,184900,1101559.0,5.97,5.96,5.95,5.94,5.93,5.91,5.9,5.89,5.88,5.87,5.98,5.99,6.0,6.01,6.02,6.03,6.04,6.05,6.06,6.08,200,5700,4000,1900,200,10000,20600,23400,19700,19300,6500,15100,2100,6000,14300,15300,2500,12600,4200,2500
354.0,5.98,184900,1101559.0,5.97,5.96,5.95,5.94,5.93,5.91,5.9,5.89,5.88,5.87,5.98,5.99,6.0,6.01,6.02,6.03,6.04,6.05,6.06,6.08,200,5700,4000,1900,200,10000,20600,23400,19700,19300,6500,15100,2100,6000,14300,15300,2500,12600,4200,2500
355.0,5.97,185000,1102156.0,5.97,5.96,5.95,5.94,5.93,5.91,5.9,5.89,5.88,5.87,5.98,5.99,6.0,6.01,6.02,6.03,6.04,6.05,6.06,6.08,200,5700,4000,1900,200,10000,20600,23400,19700,19300,6500,15100,2100,6000,14300,15300,2500,12600,4200,2500
356.0,5.97,185000,1102156.0,5.97,5.96,5.95,5.94,5.93,5.91,5.9,5.89,5.88,5.87,5.98,5.99,6.0,6.01,6.02,6.03,6.04,6.05,6.06,6.08,200,5700,4000,1900,200,10000,20600,23400,19700,19300,6500,15100,2100,6000,14300,15300,2500,12600,4200,2500
357.0,5.97,185000,1102156.0,5.97,5.96,5.95,5.94,5.93,5.91,5.9,5.89,5.88,5.87,5.98,5.99,6.0,6.01,6.02,6.03,6.04,6.05,6.06,6.08,200,5700,4000,1900,200,10000,20600,23400,19700,19300,6500,15100,2100,6000,14300,15300,2500,12600,4200,2500
358.0,5.97,185000,1102156.0,5.97,5.96,5.95,5.94,5.93,5.91,5.9,5.89,5.88,5.87,5.98,5.99,6.0,6.01,6.02,6.03,6.04,6.05,6.06,6.08,200,5700,4000,1900,200,10000,20600,23400,19700,19300,6500,15100,2100,6000,14300,15300,2500,12600,4200,2500
359.0,5.97,185000,1102156.0,5.97,5.96,5.95,5.94,5.93,5.91,5.9,5.89,5.88,5.87,5.98,5.99,6.0,6.01,6.02,6.03,6.04,6.05,6.06,6.08,200,5700,4000,1900,200,10000,20600,23400,19700,19300,6500,15100,2100,6000,14300,15300,2500,12600,4200,2500
360.0,5.97,185000,1102156.0,5.97,5.96,5.95,5.94,5.93,5.91,5.9,5.89,5.88,5.87,5.98,5.99,6.0,6.01,6.02,6.03,6.04,6.05,6.06,6.08,200,5700,4000,1900,200,10000,20600,23400,19700,19300,6500,15100,2100,6000,14300,15300,2500,12600,4200,2500
361.0,5.97,185000,1102156.0,5.97,5.96,5.95,5.94,5.93,5.91,5.9,5.89,5.88,5.87,5.98,5.99,6.0,6.01,6.02,6.03,6.04,6.05,6.06,6.08,200,5700,4000,1900,200,10000,20600,23400,19700,19300,6500,15100,2100,6000,14300,15300,2500,12600,4200,2500
362.0,5.97,185000,1102156.0,5.97,5.96,5.95,5.94,5.93,5.91,5.9,5.89,5.88,5.87,5.98,5.99,6.0,6.01,6.02,6.03,6.04,6.05,6.06,6.08,200,5700,4000,1900,200,10000,20600,23400,19700,19300,6500,15100,2100,6000,14300,15300,2500,12600,4200,2500
363.0,5.97,185000,1102156.0,5.97,5.96,5.95,5.94,5.93,5.91,5.9,5.89,5.88,5.87,5.98,5.99,6.0,6.01,6.02,6.03,6.04,6.05,6.06,6.08,200,5700,4000,1900,200,10000,20600,23400,19700,19300,6500,15100,2100,6000,14300,15300,2500,12600,4200,2500
364.0,5.97,185000,1102156.0,5.97,5.96,5.95,5.94,5.93,5.91,5.9,5.89,5.88,5.87,5.98,5.99,6.0,6.01,6.02,6.03,6.04,6.05,6.06,6.08,200,5700,4000,1900,200,10000,20600,23400,19700,19300,6500,15100,2100,6000,14300,15300,2500,12600,4200,2500
365.0,5.97,185000,1102156.0,5.97,5.96,5.95,5.94,5.93,5.91,5.9,5.89,5.88,5.87,5.98,5.99,6.0,6.01,6.02,6.03,6.04,6.05,6.06,6.08,200,5700,4000,1900,200,10000,20600,23400,19700,19300,6500,15100,2100,6000,14300,15300,2500,12600,4200,2500
366.0,5.97,185000,1102156.0,5.97,5.96,5.95,5.94,5.93,5.91,5.9,5.89,5.88,5.87,5.98,5.99,6.0,6.01,6.02,6.03,6.04,6.05,6.06,6.08,200,5700,4000,1900,200,10000,20600,23400,19700,19300,11600,15100,2100,6000,14300,15300,2500,12600,4200,2500
367.0,5.97,185000,1102156.0,5.97,5.96,5.95,5.94,5.93,5.91,5.9,5.89,5.88,5.87,5.98,5.99,6.0,6.01,6.02,6.03,6.04,6.05,6.06,6.08,200,5700,4000,1900,200,10000,20600,23400,19700,19300,11600,15100,2100,6000,14300,15300,2500,12600,4200,2500
368.0,5.98,185300,1103950.0,5.97,5.96,5.95,5.94,5.93,5.91,5.9,5.89,5.88,5.87,5.98,5.99,6.0,6.01,6.02,6.03,6.04,6.05,6.06,6.08,200,5700,4000,1900,200,10000,20600,23400,19700,19300,11300,15100,2100,6000,14300,15300,2500,12600,4200,2500
369.0,5.98,187600,1117704.0,5.97,5.96,5.95,5.94,5.93,5.91,5.9,5.89,5.88,5.87,5.98,5.99,6.0,6.01,6.02,6.03,6.04,6.05,6.06,6.08,200,5700,4000,1900,200,10000,20600,23400,19700,19300,9000,15100,2100,6000,14300,15300,2500,12600,4200,2500
370.0,5.98,187600,1117704.0,5.97,5.96,5.95,5.94,5.93,5.91,5.9,5.89,5.88,5.87,5.98,5.99,6.0,6.01,6.02,6.03,6.04,6.05,6.06,6.08,200,5700,4000,1900,200,10000,20600,23400,19700,19300,9000,15100,2100,6000,14300,15300,2500,12600,4200,2500
371.0,5.97,187900,1119495.0,5.97,5.96,5.95,5.94,5.93,5.91,5.9,5.89,5.88,5.87,5.98,5.99,6.0,6.01,6.02,6.03,6.04,6.05,6.06,6.08,5700,5700,4000,1900,200,10000,20600,23400,19700,19300,9000,15100,2100,6000,14300,15300,2500,12600,4200,2500
372.0,5.97,188400,1122480.0,5.97,5.96,5.95,5.94,5.93,5.91,5.9,5.89,5.88,5.87,5.98,5.99,6.0,6.01,6.02,6.03,6.04,6.05,6.06,6.08,5200,5700,4000,1900,200,10000,20600,23400,19700,19300,9000,15100,2100,6000,14300,15300,2500,12600,4200,2500
373.0,5.97,188400,1122480.0,5.97,5.96,5.95,5.94,5.93,5.91,5.9,5.89,5.88,5.87,5.98,5.99,6.0,6.01,6.02,6.03,6.04,6.05,6.06,6.08,5200,10700,4000,1900,200,10000,20600,23400,19700,19300,9000,15100,2100,6000,14300,15300,2500,12600,4200,2500
374.0,5.97,188400,1122480.0,5.97,5.96,5.95,5.94,5.93,5.91,5.9,5.89,5.88,5.87,5.98,5.99,6.0,6.01,6.02,6.03,6.04,6.05,6.06,6.08,5200,10700,4000,1900,200,10000,20600,23400,19700,19300,9000,15100,2100,6000,14300,15300,2500,12600,4200,2500
375.0,5.97,188400,1122480.0,5.97,5.96,5.95,5.94,5.93,5.91,5.9,5.89,5.88,5.87,5.98,5.99,6.0,6.01,6.02,6.03,6.04,6.05,6.06,6.08,5200,10700,4000,1900,200,10000,20600,23400,19700,19300,9000,15100,2100,6000,14300,15300,2500,12600,4200,2500
376.0,5.97,189400,1128450.0,5.97,5.96,5.95,5.94,5.93,5.91,5.9,5.89,5.88,5.87,5.98,5.99,6.0,6.01,6.02,6.03,6.04,6.05,6.06,6.08,4200,10700,4000,1900,200,10000,20600,23400,19700,19300,9000,15100,2100,6000,14300,15300,2500,12600,4200,2500
377.0,5.97,189400,1128450.0,5.97,5.96,5.95,5.94,5.93,5.91,5.9,5.89,5.88,5.87,5.98,5.99,6.0,6.01,6.02,6.03,6.04,6.05,6.06,6.08,4200,10700,4000,1900,200,10000,20600,23400,19700,19300,12200,15100,2100,6000,14300,15300,2500,12600,4200,2500
378.0,5.97,190200,1133226.0,5.97,5.96,5.95,5.94,5.93,5.91,5.9,5.89,5.88,5.87,5.98,5.99,6.0,6.01,6.02,6.03,6.04,6.05,6.06,6.08,3400,10700,4000,1900,200,10000,20600,23400,19700,19300,12200,15100,2100,6000,14300,15300,2500,12600,4200,2500
379.0,5.97,190500,1135017.0,5.97,5.96,5.95,5.94,5.93,5.91,5.9,5.89,5.88,5.87,5.98,5.99,6.0,6.01,6.02,6.03,6.04,6.05,6.06,6.08,3100,10700,4000,1900,200,10000,20600,23400,19700,19300,12200,15100,2100,6000,14300,15300,2500,12600,4200,2500
380.0,5.97,190500,1135017.0,5.97,5.96,5.95,5.94,5.93,5.91,5.9,5.89,5.88,5.87,5.98,5.99,6.0,6.01,6.02,6.03,6.04,6.05,6.06,6.08,3100,10700,4000,1900,200,10000,20600,23400,19700,19300,12200,15100,2100,6000,14300,15300,2500,12600,4200,2500
381.0,5.97,190500,1135017.0,5.97,5.96,5.95,5.94,5.93,5.91,5.9,5.89,5.88,5.87,5.98,5.99,6.0,6.01,6.02,6.03,6.04,6.05,6.06,6.08,3500,10700,4000,1900,200,10000,20600,23400,19700,19300,12200,15100,2100,6000,14300,15300,2500,12600,4200,2500
382.0,5.97,192800,1148748.0,5.97,5.96,5.95,5.94,5.93,5.91,5.9,5.89,5.88,5.87,5.98,5.99,6.0,6.01,6.02,6.03,6.04,6.05,6.06,6.08,1200,10700,4000,1900,200,10000,20600,23400,19700,19300,12400,15100,2100,6000,14300,15300,2500,12600,4200,2500
383.0,5.97,192800,1148748.0,5.97,5.96,5.95,5.94,5.93,5.91,5.9,5.89,5.88,5.87,5.98,5.99,6.0,6.01,6.02,6.03,6.04,6.05,6.06,6.08,1200,10700,4000,1900,200,10000,20600,23400,19700,19300,12400,15100,2100,6000,14300,15300,2500,12600,4200,2500
384.0,5.98,193000,1149943.0,5.97,5.96,5.95,5.94,5.93,5.91,5.9,5.89,5.88,5.87,5.98,5.99,6.0,6.01,6.02,6.03,6.04,6.05,6.06,6.08,1100,10700,4000,1800,200,10000,20600,23400,19700,19300,12300,15100,2100,6000,14300,15300,2500,12600,4200,2500
385.0,5.98,193000,1149943.0,5.97,5.96,5.95,5.94,5.93,5.91,5.9,5.89,5.88,5.87,5.98,5.99,6.0,6.01,6.02,6.03,6.04,6.05,6.06,6.08,1100,10700,4000,1800,200,10000,20600,23400,19700,19300,12300,15100,2100,6000,14300,15300,2500,12600,4200,2500
386.0,5.97,193100,1150540.0,5.97,5.96,5.95,5.94,5.93,5.91,5.9,5.89,5.88,5.87,5.98,5.99,6.0,6.01,6.02,6.03,6.04,6.05,6.06,6.08,1000,10700,4000,1800,200,10000,20600,23400,19700,19300,12300,15100,2100,6000,14300,15300,2500,12600,4200,2500
387.0,5.97,193100,1150540.0,5.97,5.96,5.95,5.94,5.93,5.91,5.9,5.89,5.88,5.87,5.98,5.99,6.0,6.01,6.02,6.03,6.04,6.05,6.06,6.08,1000,10700,4000,1800,200,10000,20600,23400,19700,19300,12300,15100,2100,6000,14300,15300,2500,12600,4200,2500
388.0,5.97,193100,1150540.0,5.97,5.96,5.95,5.94,5.93,5.91,5.9,5.89,5.88,5.87,5.98,5.99,6.0,6.01,6.02,6.03,6.04,6.05,6.06,6.08,1000,10700,4000,1800,200,10000,20600,23400,19700,19300,12300,15100,2100,6000,14300,15300,2500,12600,4200,2500
389.0,5.97,193600,1153525.0,5.97,5.96,5.95,5.94,5.93,5.91,5.9,5.89,5.88,5.87,5.98,5.99,6.0,6.01,6.02,6.03,6.04,6.05,6.06,6.08,500,10700,4000,1800,200,10000,20600,23400,19700,19300,12300,15100,2100,6000,14300,15300,2500,12600,4200,2500
390.0,5.97,193600,1153525.0,5.97,5.96,5.95,5.94,5.93,5.91,5.9,5.89,5.88,5.87,5.98,5.99,6.0,6.01,6.02,6.03,6.04,6.05,6.06,6.08,4500,10700,4000,1800,200,10000,20600,23400,19700,19300,12300,15100,2100,6000,14300,15300,2500,12600,4200,2500
391.0,5.97,193600,1153525.0,5.97,5.96,5.95,5.94,5.93,5.91,5.9,5.89,5.88,5.87,5.98,5.99,6.0,6.01,6.02,6.03,6.04,6.05,6.06,6.08,4500,10700,4000,1800,200,10000,20600,23400,19700,19300,15400,15100,2100,6000,14300,15300,2500,12600,4200,2500
392.0,5.98,194100,1156511.0,5.97,5.96,5.95,5.94,5.93,5.91,5.9,5.89,5.88,5.87,5.98,5.99,6.0,6.01,6.02,6.03,6.04,6.05,6.06,6.08,4100,10700,4000,1800,200,10000,20600,23400,19700,19300,15300,15100,2100,6000,14300,15300,2500,12600,4200,2500
393.0,5.97,194500,1158899.0,5.97,5.96,5.95,5.94,5.93,5.91,5.9,5.89,5.88,5.87,5.98,5.99,6.0,6.01,6.02,6.03,6.04,6.05,6.06,6.08,3700,10700,4000,1800,200,10000,20600,23400,19700,19300,15300,15100,2100,6000,14300,15300,2500,12600,4200,2500
394.0,5.97,194500,1158899.0,5.97,5.96,5.95,5.94,5.93,5.91,5.9,5.89,5.88,5.87,5.98,5.99,6.0,6.01,6.02,6.03,6.04,6.05,6.06,6.08,3700,10700,4000,1800,200,10000,20600,23400,19700,19300,15300,15100,2100,6000,14300,15300,2500,12600,4200,2500
395.0,5.97,194500,1158899.0,5.97,5.96,5.95,5.94,5.93,5.91,5.9,5.89,5.88,5.87,5.98,5.99,6.0,6.01,6.02,6.03,6.04,6.05,6.06,6.08,3700,10700,4000,1800,200,10000,20600,23400,19700,19300,15300,15100,2100,6000,14300,15300,2500,12600,4200,2500
396.0,5.97,195500,1164869.0,5.97,5.96,5.95,5.94,5.93,5.91,5.9,5.89,5.88,5.87,5.98,5.99,6.0,6.01,6.02,6.03,6.04,6.05,6.06,6.08,2700,10700,4000,1800,200,10000,20600,23400,19700,19300,15300,15100,2100,6000,14300,15300,2500,12600,4200,2500
397.0,5.97,195500,1164869.0,5.97,5.96,5.95,5.94,5.93,5.91,5.9,5.89,5.88,5.87,5.98,5.99,6.0,6.01,6.02,6.03,6.04,6.05,6.06,6.08,2700,10700,4000,1800,200,10000,20600,23400,19700,19300,15300,15100,2100,6000,14300,15300,2500,12600,4200,2500
398.0,5.97,195500,1164869.0,5.97,5.96,5.95,5.94,5.93,5.91,5.9,5.89,5.88,5.87,5.98,5.99,6.0,6.01,6.02,6.03,6.04,6.05,6.06,6.08,2700,10700,4000,1800,200,10000,20600,23400,19700,19300,15300,15100,2100,6000,14300,15300,2500,12600,4200,2500
399.0,5.97,195900,1167257.0,5.97,5.96,5.95,5.94,5.93,5.91,5.9,5.89,5.88,5.87,5.98,5.99,6.0,6.01,6.02,6.03,6.04,6.05,6.06,6.08,2300,10700,4000,1800,200,10000,20600,23400,19700,19300,15300,15100,2100,6000,14300,15300,2500,12600,4200,2500
400.0,5.97,195900,1167257.0,5.97,5.96,5.95,5.94,5.93,5.91,5.9,5.89,5.88,5.87,5.98,5.99,6.0,6.01,6.02,6.03,6.04,6.05,6.06,6.08,2300,10700,4000,1800,200,10000,20600,23400,19700,19300,15300,15100,2100,6000,14300,15300,2500,12600,4200,2500
401.0,5.98,196000,1167855.0,5.97,5.96,5.95,5.94,5.93,5.91,5.9,5.89,5.88,5.87,5.98,5.99,6.0,6.01,6.02,6.03,6.04,6.05,6.06,6.08,2300,10700,4000,1800,200,10000,20600,23400,19700,19300,15200,15100,2100,6000,14300,15300,2500,12600,4200,2500
402.0,5.98,196000,1167855.0,5.97,5.96,5.95,5.94,5.93,5.91,5.9,5.89,5.88,5.87,5.98,5.99,6.0,6.01,6.02,6.03,6.04,6.05,6.06,6.08,2300,10700,4000,1800,200,10000,20600,23400,19700,19300,15200,15100,2100,6000,14300,15300,2500,12600,4200,2500
403.0,5.97,196200,1169049.0,5.97,5.96,5.95,5.94,5.93,5.91,5.9,5.89,5.88,5.87,5.98,5.99,6.0,6.01,6.02,6.03,6.04,6.05,6.06,6.08,2100,10700,4000,1800,200,10000,20600,23400,19700,19300,15200,15100,2100,6000,14300,15300,2500,12600,4200,2500
404.0,5.97,196200,1169049.0,5.97,5.96,5.95,5.94,5.93,5.91,5.9,5.89,5.88,5.87,5.98,5.99,6.0,6.01,6.02,6.03,6.04,6.05,6.06,6.08,2100,10700,4000,1800,200,10000,20600,23400,19700,19300,15200,15100,2100,6000,14300,15300,2500,12600,4200,2500
405.0,5.98,199800,1190577.0,5.97,5.96,5.95,5.94,5.93,5.91,5.9,5.89,5.88,5.87,5.98,5.99,6.0,6.01,6.02,6.03,6.04,6.05,6.06,6.08,2100,10700,4000,1800,200,10000,20600,23400,19700,19300,11700,15100,2100,6000,14300,15300,2500,12600,4200,2500
406.0,5.97,200200,1192965.0,5.97,5.96,5.95,5.94,5.93,5.91,5.9,5.89,5.88,5.87,5.98,5.99,6.0,6.01,6.02,6.03,6.04,6.05,6.06,6.08,2200,10700,4000,1800,200,10000,20600,23400,19700,19300,11500,15100,2100,6000,14300,15300,2500,12600,4200,2500
407.0,5.97,200200,1192965.0,5.97,5.96,5.95,5.94,5.93,5.91,5.9,5.89,5.88,5.87,5.98,5.99,6.0,6.01,6.02,6.03,6.04,6.05,6.06,6.08,2200,10700,4000,1800,200,10000,20600,23400,19700,19300,11500,15100,2100,6000,14300,15300,2500,12600,4200,2500
408.0,5.97,200200,1192965.0,5.97,5.96,5.95,5.94,5.93,5.91,5.9,5.89,5.88,5.87,5.98,5.99,6.0,6.01,6.02,6.03,6.04,6.05,6.06,6.08,2200,10700,4000,1800,200,10000,20600,23400,19700,19300,11800,15100,2100,6000,14300,15300,2500,12600,4200,2500
409.0,5.97,200200,1192965.0,5.97,5.96,5.95,5.94,5.93,5.91,5.9,5.89,5.88,5.87,5.98,5.99,6.0,6.01,6.02,6.03,6.04,6.05,6.06,6.08,2200,10700,4000,1800,200,10000,20600,23400,19700,19300,11800,15100,2100,6000,14300,15300,2500,12600,4200,2500
410.0,5.97,200400,1194159.0,5.97,5.96,5.95,5.94,5.93,5.91,5.9,5.89,5.88,5.87,5.98,5.99,6.0,6.01,6.02,6.03,6.04,6.05,6.06,6.08,2000,10700,4000,1800,200,10000,20600,23400,19700,19300,11800,15100,2100,6000,14300,15300,2500,12600,4200,2500
411.0,5.97,200400,1194159.0,5.97,5.96,5.95,5.94,5.93,5.91,5.9,5.89,5.88,5.87,5.98,5.99,6.0,6.01,6.02,6.03,6.04,6.05,6.06,6.08,2000,10700,4000,1800,200,10000,20600,23400,19700,19300,11800,15100,4100,6000,14300,15300,2500,12600,4200,2500
412.0,5.97,201000,1197741.0,5.97,5.96,5.95,5.94,5.93,5.91,5.9,5.89,5.88,5.87,5.98,5.99,6.0,6.01,6.02,6.03,6.04,6.05,6.06,6.08,1400,10700,14000,1800,200,10000,20600,23400,19700,19300,11800,15100,4100,6000,14300,15300,2500,12600,4200,2500
413.0,5.97,201100,1198338.0,5.97,5.96,5.95,5.94,5.93,5.91,5.9,5.89,5.88,5.87,5.98,5.99,6.0,6.01,6.02,6.03,6.04,6.05,6.06,6.08,1300,10700,14000,1800,200,10000,20600,23400,19700,19300,11800,15100,4100,6000,14300,15300,2500,12600,4200,2500
414.0,5.97,201200,1198935.0,5.97,5.96,5.95,5.94,5.93,5.91,5.9,5.89,5.88,5.87,5.98,5.99,6.0,6.01,6.02,6.03,6.04,6.05,6.06,6.08,1200,10700,14000,1800,200,10000,20600,23400,19700,19300,11800,15100,4100,6000,14300,15300,2500,12600,4200,2500
415.0,5.98,201600,1201327.0,5.97,5.96,5.95,5.94,5.93,5.91,5.9,5.89,5.88,5.87,5.98,5.99,6.0,6.01,6.02,6.03,6.04,6.05,6.06,6.08,1200,10700,14000,1800,200,10000,20600,23400,19700,19300,11400,15100,4100,6000,14300,15300,2500,12600,4200,2500
416.0,5.97,201700,1201924.0,5.97,5.96,5.95,5.94,5.93,5.91,5.9,5.89,5.88,5.87,5.98,5.99,6.0,6.01,6.02,6.03,6.04,6.05,6.06,6.08,1200,10700,14000,1800,200,10000,20600,23400,19700,19300,11400,15100,4100,6000,14300,15300,2500,12600,4200,2500
417.0,5.97,201700,1201924.0,5.97,5.96,5.95,5.94,5.93,5.91,5.9,5.89,5.88,5.87,5.98,5.99,6.0,6.01,6.02,6.03,6.04,6.05,6.06,6.08,1200,10700,14000,1800,200,10000,20600,23400,19700,19300,11400,15100,4100,6000,14300,15300,2500,12600,4200,2500
418.0,5.97,201700,1201924.0,5.97,5.96,5.95,5.94,5.93,5.91,5.9,5.89,5.88,5.87,5.98,5.99,6.0,6.01,6.02,6.03,6.04,6.05,6.06,6.08,1200,10700,14000,1800,200,10000,20600,23400,19700,19300,11400,15100,5000,6000,14300,15300,2500,12600,4200,2500
419.0,5.97,201800,1202521.0,5.97,5.96,5.95,5.94,5.93,5.91,5.9,5.89,5.88,5.87,5.98,5.99,6.0,6.01,6.02,6.03,6.04,6.05,6.06,6.08,1100,10700,14000,1800,200,10000,20600,23400,19700,19300,11400,15100,5000,6000,14300,15300,2500,12600,4200,2500
420.0,5.97,201800,1202521.0,5.97,5.96,5.95,5.94,5.93,5.91,5.9,5.89,5.88,5.87,5.98,5.99,6.0,6.01,6.02,6.03,6.04,6.05,6.06,6.08,1100,10700,14000,1800,200,10000,20600,23400,19700,19300,11400,15100,5000,6000,14300,15300,2500,12600,4200,2500
421.0,5.97,201800,1202521.0,5.97,5.96,5.95,5.94,5.93,5.91,5.9,5.89,5.88,5.87,5.98,5.99,6.0,6.01,6.02,6.03,6.04,6.05,6.06,6.08,2900,10700,14000,1800,200,10000,20600,23400,19700,19300,11400,15100,5000,6000,14300,15300,2500,12600,4200,2500
422.0,5.97,202000,1203715.0,5.97,5.96,5.95,5.94,5.93,5.91,5.9,5.89,5.88,5.87,5.98,5.99,6.0,6.01,6.02,6.03,6.04,6.05,6.06,6.08,2700,10700,14000,1800,200,10000,20600,23400,19700,19300,11400,15100,5000,6000,14300,15300,2500,12600,4200,2500
423.0,5.97,202200,1204909.0,5.97,5.96,5.95,5.94,5.93,5.91,5.9,5.89,5.88,5.87,5.98,5.99,6.0,6.01,6.02,6.03,6.04,6.05,6.06,6.08,2500,10700,14000,1800,200,10000,20600,23400,19700,19300,11400,15100,5000,6000,14300,15300,2500,12600,4200,2500
424.0,5.97,202700,1207894.0,5.97,5.96,5.95,5.94,5.93,5.91,5.9,5.89,5.88,5.87,5.98,5.99,6.0,6.01,6.02,6.03,6.04,6.05,6.06,6.08,2000,10700,14000,1800,200,10000,20600,23400,19700,19300,11400,15100,5000,6000,14300,15300,2500,12600,4200,2500
425.0,5.97,202700,1207894.0,5.97,5.96,5.95,5.94,5.93,5.91,5.9,5.89,5.88,5.87,5.98,5.99,6.0,6.01,6.02,6.03,6.04,6.05,6.06,6.08,2000,10700,14000,1800,200,10000,20600,23400,19700,19300,11400,15100,5000,6000,14300,15300,2500,12600,4200,2500
