LocalTime,LastPrice,TradeVolume,TradeValue,BidPrice1,BidPrice2,BidPrice3,BidPrice4,BidPrice5,BidPrice6,BidPrice7,BidPrice8,BidPrice9,BidPriceA,AskPrice1,AskPrice2,AskPrice3,AskPrice4,AskPrice5,AskPrice6,AskPrice7,AskPrice8,AskPrice9,AskPriceA,BidVolume1,BidVolume2,BidVolume3,BidVolume4,BidVolume5,BidVolume6,BidVolume7,BidVolume8,BidVolume9,BidVolumeA,AskVolume1,AskVolume2,AskVolume3,AskVolume4,AskVolume5,AskVolume6,AskVolume7,AskVolume8,AskVolume9,AskVolumeA
0.0,14.53,25800,374874.0,14.53,14.52,14.48,14.46,14.41,14.4,14.38,14.37,14.35,14.31,14.54,14.55,14.57,14.58,14.59,14.6,14.61,14.62,14.64,14.65,3300,4900,2300,500,2900,1800,5000,1600,3100,500,10200,8300,400,3500,2700,12800,1000,3200,500,7400
1.0,14.52,31300,454787.0,14.52,14.48,14.46,14.41,14.4,14.38,14.37,14.35,14.31,14.3,14.54,14.55,14.57,14.58,14.59,14.6,14.61,14.62,14.64,14.65,4700,2300,500,2900,1800,5000,1600,3100,500,2500,10200,9300,400,3500,2700,12800,1000,3200,500,7400
2.0,14.53,32800,476596.0,14.52,14.48,14.46,14.42,14.41,14.4,14.38,14.37,14.35,14.31,14.53,14.54,14.55,14.57,14.58,14.59,14.6,14.61,14.62,14.64,4700,2300,500,2100,2900,1500,5000,1600,3100,500,2900,9300,8700,1100,3600,4000,14000,1000,3200,500
3.0,14.52,36600,531787.0,14.52,14.48,14.46,14.42,14.41,14.4,14.38,14.37,14.35,14.31,14.53,14.54,14.55,14.57,14.58,14.59,14.6,14.61,14.62,14.64,2400,2300,500,2100,3700,1500,5000,1600,3100,500,5200,9300,8700,1100,3600,4500,14000,1000,3200,500
4.0,14.53,40700,591345.0,14.52,14.51,14.48,14.46,14.42,14.41,14.4,14.38,14.37,14.35,14.53,14.54,14.55,14.57,14.58,14.59,14.6,14.61,14.62,14.64,900,1000,2300,500,3100,3700,1500,5000,1600,3100,3200,9300,8700,1100,3600,4500,14000,1000,3200,500
5.0,14.52,40800,592797.0,14.52,14.51,14.48,14.46,14.42,14.41,14.4,14.38,14.37,14.35,14.53,14.54,14.55,14.57,14.58,14.59,14.6,14.61,14.62,14.64,800,1000,2300,500,3100,3700,1500,5000,1600,3100,4700,9300,8700,1100,3600,4500,14000,1000,3200,500
6.0,14.53,45400,659635.0,14.52,14.51,14.48,14.46,14.42,14.41,14.4,14.38,14.37,14.35,14.53,14.54,14.55,14.57,14.58,14.59,14.6,14.61,14.62,14.64,800,1000,2300,500,3300,3700,1500,5000,1600,3100,3400,9300,8700,1400,4600,6200,14000,1000,3200,500
7.0,14.52,47600,691579.0,14.51,14.48,14.46,14.42,14.41,14.4,14.38,14.37,14.35,14.32,14.52,14.53,14.54,14.55,14.56,14.57,14.58,14.59,14.6,14.61,1000,2300,500,3300,3700,1500,5000,1600,3100,600,14600,2900,9300,8700,200,1400,4600,6200,14200,1000
8.0,14.52,59600,865803.0,14.48,14.46,14.42,14.41,14.4,14.38,14.37,14.35,14.32,14.31,14.52,14.53,14.54,14.55,14.56,14.57,14.58,14.59,14.6,14.61,2300,1000,3300,3700,1500,5000,1600,3100,600,500,7200,2900,14200,8700,200,1400,4600,6200,14200,1000
9.0,14.51,64100,931138.0,14.48,14.46,14.42,14.41,14.4,14.38,14.37,14.35,14.32,14.31,14.51,14.52,14.53,14.54,14.55,14.56,14.57,14.58,14.59,14.6,2000,1000,3300,3700,1500,5000,1600,3100,600,500,4000,3400,3400,14200,8700,200,1400,4600,6200,14200
10.0,14.5,66000,958706.0,14.48,14.46,14.45,14.43,14.42,14.41,14.4,14.38,14.37,14.35,14.51,14.52,14.53,14.54,14.55,14.56,14.57,14.58,14.59,14.6,2000,1000,400,1000,3300,3700,1500,5000,2000,3400,4000,3400,25400,14300,12200,200,1400,4600,6700,14700
11.0,14.5,67800,984790.0,14.48,14.46,14.45,14.43,14.42,14.41,14.4,14.38,14.37,14.35,14.5,14.51,14.52,14.53,14.54,14.55,14.56,14.57,14.58,14.59,2000,1000,400,1000,3300,3700,1500,8000,2000,4400,1400,4500,3200,23800,14400,12200,200,1400,4600,6700
12.0,14.5,69000,1002184.0,14.48,14.46,14.45,14.43,14.42,14.41,14.4,14.38,14.37,14.35,14.5,14.51,14.52,14.53,14.54,14.55,14.56,14.57,14.58,14.59,1700,1000,400,1000,3300,3700,1500,8000,2000,4600,500,300,3200,23800,14400,12300,700,1400,5100,8200
13.0,14.49,70500,1023917.0,14.48,14.46,14.45,14.43,14.42,14.41,14.4,14.38,14.37,14.35,14.49,14.5,14.51,14.52,14.53,14.54,14.55,14.56,14.57,14.58,1000,1000,400,1000,3400,3700,1500,8000,2000,4600,1300,100,100,2900,24300,14400,12300,700,1400,5100
14.0,14.49,71900,1044203.0,14.49,14.48,14.46,14.45,14.43,14.42,14.41,14.4,14.38,14.37,14.5,14.51,14.52,14.53,14.54,14.55,14.56,14.57,14.58,14.59,600,1000,1000,400,1000,3400,3700,1500,8000,2000,100,100,3300,24300,14400,12300,700,1400,5100,8500
15.0,14.49,72000,1045652.0,14.49,14.48,14.46,14.43,14.42,14.41,14.4,14.38,14.37,14.35,14.5,14.51,14.52,14.53,14.54,14.55,14.56,14.57,14.58,14.59,700,1000,1000,1000,3400,3700,1500,8000,2000,4600,1600,100,3300,24300,14400,12300,700,1400,5100,8500
16.0,14.5,73300,1064502.0,14.49,14.48,14.46,14.43,14.42,14.41,14.4,14.38,14.37,14.35,14.5,14.51,14.52,14.53,14.54,14.55,14.56,14.57,14.58,14.59,1300,1000,1000,1000,3400,3700,1500,8000,2000,4600,300,100,3300,24300,14400,12300,700,1400,5100,8500
17.0,14.5,73600,1068852.0,14.5,14.49,14.48,14.46,14.43,14.42,14.41,14.4,14.38,14.37,14.51,14.52,14.53,14.54,14.55,14.56,14.57,14.58,14.59,14.6,1600,2200,1000,1000,1000,3400,3700,1500,8000,2000,100,3300,24200,14400,12300,700,1400,5100,8500,14700
18.0,14.5,73600,1068852.0,14.5,14.49,14.48,14.46,14.43,14.42,14.41,14.4,14.38,14.37,14.51,14.52,14.53,14.54,14.55,14.56,14.57,14.58,14.59,14.6,1600,2200,1000,1000,1000,3400,3700,1500,8000,2000,100,3300,24200,5600,12300,700,1400,5100,8500,14700
19.0,14.51,74600,1083353.0,14.51,14.5,14.49,14.48,14.46,14.43,14.42,14.41,14.4,14.38,14.52,14.53,14.54,14.55,14.56,14.57,14.58,14.59,14.6,14.61,200,700,2200,1000,1000,1000,3400,3700,1500,8000,3300,24200,5600,12300,700,1400,5100,8500,14700,1000
20.0,14.51,74600,1083353.0,14.51,14.5,14.49,14.48,14.46,14.43,14.42,14.41,14.4,14.38,14.52,14.53,14.54,14.55,14.56,14.57,14.58,14.59,14.6,14.61,800,500,2200,300,1000,1000,3400,3700,1500,8000,3300,24200,5600,12300,700,1400,5100,8500,14700,1000
21.0,14.53,99400,1443664.0,14.52,14.51,14.5,14.49,14.48,14.46,14.43,14.42,14.41,14.4,14.53,14.54,14.55,14.56,14.57,14.58,14.59,14.6,14.61,14.62,4300,800,500,2200,300,1000,1000,3400,3700,1500,2700,5600,12300,700,1400,5100,8500,14700,1000,3300
22.0,14.53,102100,1482895.0,14.53,14.52,14.51,14.5,14.49,14.48,14.47,14.46,14.43,14.42,14.54,14.55,14.56,14.57,14.58,14.59,14.6,14.61,14.62,14.64,12200,18400,600,500,2200,300,1500,1000,1000,3400,5600,12300,700,1400,5100,8500,14700,1000,3300,500
23.0,14.54,107500,1561411.0,14.53,14.52,14.51,14.5,14.49,14.48,14.47,14.46,14.43,14.42,14.54,14.55,14.56,14.57,14.58,14.59,14.6,14.61,14.62,14.64,17900,18400,600,500,2100,300,1500,1000,1000,3400,200,11900,700,1400,5100,8500,14700,1000,3300,500
24.0,14.55,111100,1613789.0,14.54,14.53,14.52,14.51,14.5,14.49,14.48,14.47,14.46,14.43,14.55,14.56,14.57,14.58,14.59,14.6,14.61,14.62,14.64,14.65,14100,17900,4400,600,500,2100,300,1500,1000,1000,8500,700,1400,5100,8500,14700,1000,3300,500,10000
25.0,14.55,119600,1737464.0,14.55,14.54,14.53,14.52,14.51,14.5,14.49,14.48,14.47,14.46,14.56,14.57,14.58,14.59,14.6,14.61,14.62,14.64,14.65,14.66,11500,14100,10000,4400,600,500,2100,300,1500,1000,700,1400,5100,8500,15000,1000,3300,500,10000,1300
26.0,14.56,120300,1747656.0,14.56,14.55,14.53,14.52,14.51,14.5,14.49,14.48,14.47,14.46,14.57,14.58,14.59,14.6,14.61,14.62,14.64,14.65,14.66,14.67,13600,12700,6500,4500,600,700,2100,300,1500,1000,1400,5100,8500,15000,1000,3300,500,10000,1300,1300
27.0,14.58,125300,1820542.0,14.57,14.56,14.55,14.53,14.52,14.51,14.5,14.49,14.48,14.47,14.58,14.59,14.6,14.61,14.62,14.64,14.65,14.66,14.67,14.68,12900,13600,1200,7500,4500,600,700,2100,300,1500,1500,8500,15000,1000,3300,500,10000,1300,1300,4500
28.0,14.58,126800,1842412.0,14.58,14.57,14.56,14.55,14.53,14.52,14.51,14.5,14.49,14.48,14.59,14.6,14.61,14.62,14.64,14.65,14.66,14.67,14.68,14.69,9500,12900,2900,1200,7500,4500,600,700,2100,300,8500,15000,1000,3300,500,10000,1300,1300,4500,6500
29.0,14.58,129400,1880336.0,14.58,14.57,14.56,14.55,14.53,14.52,14.51,14.5,14.49,14.48,14.59,14.6,14.61,14.62,14.64,14.65,14.66,14.67,14.68,14.69,8500,12900,2900,100,7500,4500,600,700,2100,300,6900,15000,1000,3300,500,10000,1300,1300,4500,6500
30.0,14.58,129400,1880336.0,14.58,14.57,14.56,14.55,14.53,14.52,14.51,14.5,14.49,14.48,14.59,14.6,14.61,14.62,14.64,14.65,14.66,14.67,14.68,14.69,8500,12900,2900,100,5300,4500,600,700,2100,300,6900,15000,1000,3300,500,10000,1300,1300,4500,6500
31.0,14.59,129600,1883254.0,14.58,14.57,14.56,14.55,14.53,14.52,14.51,14.5,14.49,14.48,14.59,14.6,14.61,14.62,14.64,14.65,14.66,14.67,14.68,14.69,8500,12900,2900,100,5300,4500,600,700,2100,300,6700,15000,1000,3300,500,10000,1300,1300,4500,6500
32.0,14.58,130100,1890544.0,14.58,14.57,14.56,14.55,14.53,14.52,14.51,14.5,14.49,14.48,14.59,14.6,14.61,14.62,14.64,14.65,14.66,14.67,14.68,14.69,8000,12900,2900,100,5300,4500,600,700,2100,300,6700,15000,1000,3300,500,10000,1300,1300,4500,6500
33.0,14.59,132000,1918264.0,14.58,14.57,14.56,14.55,14.53,14.52,14.51,14.5,14.49,14.48,14.59,14.6,14.61,14.62,14.64,14.65,14.66,14.67,14.68,14.69,7900,12900,2900,100,3200,4500,600,700,2100,300,4900,15000,1000,3300,500,10000,1300,1300,4500,6500
34.0,14.59,133100,1934313.0,14.58,14.57,14.56,14.55,14.53,14.52,14.51,14.5,14.49,14.48,14.59,14.6,14.61,14.62,14.64,14.65,14.66,14.67,14.68,14.69,7900,12900,2900,100,3200,4500,600,700,1900,300,3500,15000,1000,3300,500,10000,1300,1300,4500,6500
35.0,14.59,133100,1934313.0,14.58,14.57,14.56,14.55,14.53,14.52,14.5,14.49,14.48,14.47,14.59,14.6,14.61,14.62,14.64,14.65,14.66,14.67,14.68,14.69,8500,12900,2900,100,3200,4500,700,1900,300,1500,3500,14600,1000,3300,500,10000,1300,1300,4500,6500
36.0,14.59,133100,1934313.0,14.58,14.57,14.56,14.55,14.53,14.52,14.5,14.49,14.48,14.47,14.59,14.6,14.61,14.62,14.64,14.65,14.66,14.67,14.68,14.69,8500,12900,2900,100,3200,4500,700,1900,300,1500,3500,14600,1000,3300,500,10000,1300,1300,4500,6500
37.0,14.58,134200,1950357.0,14.58,14.57,14.56,14.55,14.53,14.52,14.5,14.49,14.48,14.46,14.59,14.6,14.61,14.62,14.64,14.65,14.66,14.67,14.68,14.69,8000,12900,2900,100,3200,4500,700,1900,300,1000,2900,14600,1000,3300,500,10000,1300,1300,4500,6500
38.0,14.58,134200,1950357.0,14.58,14.57,14.56,14.55,14.53,14.52,14.5,14.49,14.48,14.46,14.59,14.6,14.61,14.62,14.64,14.65,14.66,14.67,14.68,14.69,4100,12900,2900,100,3200,4400,700,1900,300,1000,2900,14600,1000,3300,500,10000,1300,1300,4500,6500
39.0,14.58,134500,1954731.0,14.58,14.57,14.56,14.55,14.53,14.52,14.5,14.49,14.48,14.46,14.59,14.6,14.61,14.62,14.64,14.65,14.66,14.67,14.68,14.69,3800,12900,2900,100,3200,4400,700,1900,300,1000,2900,14600,1000,3300,500,10000,1300,1300,4500,6500
40.0,14.59,135200,1964944.0,14.58,14.57,14.56,14.55,14.53,14.52,14.5,14.49,14.48,14.46,14.59,14.6,14.61,14.62,14.64,14.65,14.66,14.67,14.68,14.69,600,12900,2900,100,3200,4400,700,1900,300,1000,2200,14600,1000,3300,500,10000,1300,1300,4500,6500
41.0,14.58,136900,1989736.0,14.55,14.53,14.52,14.5,14.49,14.48,14.46,14.43,14.42,14.41,14.58,14.59,14.6,14.61,14.62,14.64,14.65,14.66,14.67,14.68,100,3200,4400,700,1900,300,1000,1000,3400,3700,4100,2400,14600,1000,3300,500,10000,1300,1300,4500
42.0,14.58,138500,2013064.0,14.55,14.53,14.52,14.5,14.49,14.48,14.46,14.43,14.42,14.41,14.58,14.59,14.6,14.61,14.62,14.64,14.65,14.66,14.67,14.68,100,3200,4400,700,1900,300,1000,1000,3400,3700,2600,2400,14600,1000,3300,500,10500,1300,1300,4500
43.0,14.58,138500,2013064.0,14.55,14.53,14.52,14.5,14.49,14.48,14.46,14.43,14.42,14.41,14.58,14.59,14.6,14.61,14.62,14.64,14.65,14.66,14.67,14.68,100,3200,4400,700,1900,300,1000,1000,3400,3700,2600,2400,14600,1000,3300,500,10500,1300,1300,4500
44.0,14.55,138600,2014519.0,14.56,14.53,14.52,14.5,14.49,14.48,14.46,14.43,14.42,14.41,14.58,14.59,14.6,14.61,14.62,14.64,14.65,14.66,14.67,14.68,900,1400,4400,700,1000,300,1000,1000,3400,3700,2600,2400,14600,1000,3300,500,10500,1300,1300,4500
45.0,14.56,139500,2027623.0,14.53,14.52,14.5,14.49,14.48,14.46,14.43,14.42,14.41,14.4,14.58,14.59,14.6,14.61,14.62,14.64,14.65,14.66,14.67,14.68,1400,4400,700,1000,300,1000,1000,3400,3700,1500,2600,2400,14600,1000,3300,500,10500,1300,1300,4500
46.0,14.56,139500,2027623.0,14.53,14.52,14.5,14.49,14.48,14.46,14.43,14.42,14.41,14.4,14.58,14.59,14.6,14.61,14.62,14.64,14.65,14.66,14.67,14.68,1400,4300,700,1000,300,1000,1000,3400,3700,1500,2600,2400,14600,1000,3300,500,10500,1300,1300,4500
47.0,14.56,139500,2027623.0,14.53,14.52,14.5,14.49,14.48,14.46,14.43,14.42,14.41,14.4,14.58,14.59,14.6,14.61,14.62,14.64,14.65,14.66,14.67,14.68,1400,4300,700,1000,300,1000,1000,3400,3700,1500,200,3400,14600,1000,3300,500,10500,1300,1300,4500
48.0,14.56,139500,2027623.0,14.53,14.52,14.5,14.49,14.48,14.46,14.43,14.42,14.41,14.4,14.58,14.59,14.6,14.61,14.62,14.64,14.65,14.66,14.67,14.68,1400,4300,700,1000,800,1000,1000,3400,3700,1500,300,3400,14600,1000,3300,500,10500,1300,1300,4500
49.0,14.56,139500,2027623.0,14.53,14.52,14.5,14.49,14.48,14.46,14.43,14.42,14.41,14.4,14.58,14.59,14.6,14.61,14.62,14.64,14.65,14.66,14.67,14.68,1400,4300,700,1000,800,1000,1000,3400,3700,1500,400,7400,14600,1000,3300,500,10500,1300,1300,4500
50.0,14.56,139500,2027623.0,14.53,14.52,14.5,14.49,14.48,14.46,14.43,14.42,14.41,14.4,14.58,14.59,14.6,14.61,14.62,14.64,14.65,14.66,14.67,14.68,1400,4300,500,1000,800,1000,1000,3400,3700,1500,3900,7400,14600,1000,3300,500,10500,1300,1300,4500
51.0,14.56,139500,2027623.0,14.54,14.53,14.52,14.5,14.49,14.48,14.46,14.43,14.42,14.41,14.58,14.59,14.6,14.61,14.62,14.64,14.65,14.66,14.67,14.68,1500,1400,4300,500,1000,800,1000,1000,3400,3700,3900,7400,14600,1000,3300,500,10500,1300,1300,4500
52.0,14.56,139500,2027623.0,14.54,14.53,14.52,14.5,14.49,14.48,14.46,14.43,14.42,14.41,14.58,14.59,14.6,14.61,14.62,14.64,14.65,14.66,14.67,14.68,1500,1400,4300,500,1000,800,1000,1000,3400,3700,3900,7400,14600,1000,3300,500,10500,1300,1300,4500
53.0,14.58,145900,2120679.0,14.52,14.5,14.49,14.48,14.46,14.43,14.42,14.41,14.4,14.38,14.58,14.59,14.6,14.61,14.62,14.64,14.65,14.66,14.67,14.68,2200,500,1000,800,1000,1000,3400,3700,1500,8000,2500,7400,14600,1000,3300,500,10500,1300,1300,4500
54.0,14.52,147900,2149719.0,14.52,14.5,14.49,14.48,14.46,14.43,14.42,14.41,14.4,14.38,14.58,14.59,14.6,14.61,14.62,14.64,14.65,14.66,14.67,14.68,200,500,1100,800,1000,1000,3400,3700,1500,8000,6000,6600,14800,1000,3300,500,10500,1300,1300,4500
55.0,14.52,147900,2149719.0,14.52,14.5,14.49,14.48,14.46,14.43,14.42,14.41,14.4,14.38,14.58,14.59,14.6,14.61,14.62,14.64,14.65,14.66,14.67,14.68,200,500,1100,800,1000,1000,3400,3700,1500,8000,6200,8600,14800,1000,3300,500,10500,1300,1300,4500
56.0,14.52,147900,2149719.0,14.53,14.52,14.5,14.49,14.48,14.46,14.43,14.42,14.41,14.4,14.57,14.58,14.59,14.6,14.61,14.62,14.64,14.65,14.66,14.67,900,200,500,1100,800,1000,1000,3400,3700,1500,2400,6200,8600,14900,1000,3300,500,10500,1300,1300
57.0,14.52,147900,2149719.0,14.53,14.52,14.5,14.49,14.48,14.46,14.43,14.42,14.41,14.4,14.57,14.58,14.59,14.6,14.61,14.62,14.64,14.65,14.66,14.67,900,200,500,800,800,1000,1000,3400,3700,1500,2400,6200,8600,14900,1000,3300,500,10500,1300,1300
58.0,14.52,147900,2149719.0,14.53,14.52,14.5,14.49,14.48,14.46,14.43,14.42,14.41,14.4,14.57,14.58,14.59,14.6,14.61,14.62,14.64,14.65,14.66,14.67,900,800,500,800,800,1000,1000,3400,3700,1500,2400,6200,9100,14900,1000,3300,500,10500,1300,1300
59.0,14.52,147900,2149719.0,14.53,14.52,14.5,14.49,14.48,14.46,14.43,14.42,14.41,14.4,14.57,14.58,14.59,14.6,14.61,14.62,14.64,14.65,14.66,14.67,900,800,2500,800,800,1000,1000,3400,3700,1500,2400,6200,9100,14900,1000,3300,500,10500,1300,1300
60.0,14.52,147900,2149719.0,14.53,14.52,14.5,14.49,14.48,14.46,14.43,14.42,14.41,14.4,14.57,14.58,14.59,14.6,14.61,14.62,14.64,14.65,14.66,14.67,900,800,2500,800,800,1000,1000,3400,3700,1500,2400,6200,9100,14900,1000,3300,500,10500,1300,1300
61.0,14.53,149900,2178779.0,14.53,14.52,14.5,14.49,14.48,14.46,14.43,14.42,14.41,14.4,14.57,14.58,14.59,14.6,14.61,14.62,14.64,14.65,14.66,14.67,900,800,2500,800,800,1000,1000,3400,3700,1500,2400,6200,9600,14900,1000,3300,500,10500,1300,1300
62.0,14.53,150800,2191876.0,14.53,14.52,14.5,14.49,14.48,14.46,14.43,14.42,14.41,14.4,14.57,14.58,14.59,14.6,14.61,14.62,14.64,14.65,14.66,14.67,2800,1200,2500,800,800,1000,1000,3400,3700,1500,1900,6200,9600,14900,1000,3300,500,10500,1300,1300
63.0,14.53,150800,2191876.0,14.53,14.52,14.5,14.49,14.48,14.46,14.43,14.42,14.41,14.4,14.57,14.58,14.59,14.6,14.61,14.62,14.64,14.65,14.66,14.67,3000,1200,2500,800,800,1000,1000,3400,3700,1500,1900,3700,9600,14900,1000,3400,500,10500,1300,1300
64.0,14.53,150800,2191876.0,14.53,14.52,14.5,14.49,14.48,14.46,14.43,14.42,14.41,14.4,14.57,14.58,14.59,14.6,14.61,14.62,14.64,14.65,14.66,14.67,3000,1200,2500,800,800,1000,1000,3400,3700,1500,1900,3700,9600,14900,1000,3400,500,7600,1300,1300
65.0,14.53,150800,2191876.0,14.53,14.52,14.5,14.49,14.48,14.46,14.43,14.42,14.41,14.4,14.57,14.58,14.59,14.6,14.61,14.62,14.64,14.65,14.66,14.67,3100,1300,2500,800,800,1000,1000,3400,3700,1500,1900,3700,9600,14900,1000,3400,500,7600,1300,1300
66.0,14.53,151000,2194786.0,14.53,14.52,14.5,14.49,14.48,14.46,14.43,14.42,14.41,14.4,14.57,14.58,14.59,14.6,14.61,14.62,14.64,14.65,14.66,14.67,3400,1300,2500,800,800,1000,1000,3400,3700,1500,1800,3700,9600,14900,1000,3400,500,7600,1300,1300
67.0,14.57,151100,2196243.0,14.53,14.52,14.51,14.5,14.49,14.48,14.46,14.43,14.42,14.41,14.57,14.58,14.59,14.6,14.61,14.62,14.64,14.65,14.66,14.67,3400,1300,10900,2500,800,800,1000,1000,3400,3700,1700,3700,9800,14900,1000,3400,500,7600,1300,1300
68.0,14.53,155700,2263129.0,14.52,14.51,14.5,14.49,14.48,14.46,14.43,14.42,14.41,14.4,14.53,14.57,14.58,14.59,14.6,14.61,14.62,14.64,14.65,14.66,1300,10900,2500,800,800,1000,1000,3400,3700,1500,28700,500,2100,9800,14900,1000,3400,500,7600,1300
69.0,14.53,186900,2716440.0,14.54,14.53,14.51,14.5,14.49,14.48,14.46,14.43,14.42,14.41,14.57,14.58,14.59,14.6,14.61,14.62,14.64,14.65,14.66,14.67,400,900,10900,2600,800,800,1000,1000,3400,3700,500,2100,14800,14900,1000,3400,500,7600,1300,1300
70.0,14.53,186900,2716440.0,14.53,14.51,14.5,14.49,14.48,14.46,14.43,14.42,14.41,14.4,14.57,14.58,14.59,14.6,14.61,14.62,14.64,14.65,14.66,14.67,900,10900,2600,800,800,1000,1000,3400,3700,1500,500,2100,14800,14900,1000,3400,500,7600,1300,1300
71.0,14.53,186900,2716440.0,14.54,14.53,14.51,14.5,14.49,14.48,14.46,14.43,14.42,14.41,14.56,14.57,14.58,14.59,14.6,14.61,14.62,14.64,14.65,14.66,1000,900,10900,2500,300,800,1000,1000,3400,3700,400,1500,2100,14800,16200,1000,3400,500,7600,1300
72.0,14.53,186900,2716440.0,14.54,14.53,14.51,14.5,14.49,14.48,14.46,14.43,14.42,14.41,14.56,14.57,14.58,14.59,14.6,14.61,14.62,14.64,14.65,14.66,1000,2200,10900,2500,300,800,1000,1000,3400,3700,400,1500,2100,14800,16300,1000,3400,500,7600,1300
73.0,14.53,186900,2716440.0,14.54,14.53,14.52,14.51,14.5,14.49,14.48,14.46,14.43,14.42,14.56,14.57,14.58,14.59,14.6,14.61,14.62,14.64,14.65,14.66,1200,2200,100,10900,2500,300,800,1000,1000,3400,400,1500,2100,15400,16300,1000,3400,500,7600,1300
74.0,14.57,187400,2723721.0,14.54,14.53,14.52,14.51,14.5,14.49,14.48,14.46,14.43,14.42,14.57,14.58,14.59,14.6,14.61,14.62,14.63,14.64,14.65,14.66,1200,2100,100,10900,2200,300,800,1000,1000,3400,1400,2100,15400,16300,1000,3400,200,500,7600,1300
75.0,14.57,187500,2725178.0,14.54,14.53,14.52,14.51,14.5,14.49,14.48,14.46,14.43,14.42,14.57,14.58,14.59,14.6,14.61,14.62,14.63,14.64,14.65,14.66,1200,2100,100,10900,2200,300,800,1000,1000,3400,2100,2100,15800,16300,1000,3400,200,500,8100,1300
76.0,14.56,187600,2726634.0,14.54,14.53,14.52,14.51,14.5,14.49,14.48,14.46,14.43,14.42,14.57,14.58,14.59,14.6,14.61,14.62,14.63,14.64,14.65,14.66,1200,2100,100,10900,2200,300,800,1000,1000,3400,3100,2100,15800,16300,1000,3400,200,500,8100,1300
77.0,14.54,187700,2728088.0,14.54,14.53,14.52,14.51,14.5,14.49,14.48,14.46,14.43,14.42,14.57,14.58,14.59,14.6,14.61,14.62,14.63,14.64,14.65,14.66,1100,2100,100,10900,2200,300,800,1000,1000,3400,3100,2100,15800,16800,1000,3400,200,500,8100,1300
78.0,14.57,188000,2732459.0,14.54,14.53,14.52,14.51,14.5,14.49,14.48,14.46,14.43,14.42,14.57,14.58,14.59,14.6,14.61,14.62,14.63,14.64,14.65,14.66,1100,2100,100,10900,2200,300,800,1000,1000,3400,5700,2100,15800,16800,1000,3400,200,500,8100,1300
79.0,14.57,188000,2732459.0,14.54,14.53,14.52,14.51,14.5,14.49,14.48,14.46,14.43,14.42,14.56,14.57,14.58,14.59,14.6,14.61,14.62,14.63,14.64,14.65,1100,1400,1100,10900,2200,300,800,1000,1000,3400,600,11700,2100,15800,16800,1000,3400,200,500,8100
80.0,14.57,192800,2802389.0,14.54,14.53,14.52,14.51,14.5,14.49,14.48,14.46,14.43,14.42,14.57,14.58,14.59,14.6,14.61,14.62,14.63,14.64,14.65,14.66,1100,1400,1100,10900,2200,300,800,1000,1000,3400,7500,2100,15800,16800,1000,3400,200,500,8100,1300
81.0,14.54,193900,2818401.0,14.54,14.53,14.52,14.51,14.5,14.49,14.48,14.46,14.43,14.42,14.57,14.58,14.59,14.6,14.61,14.62,14.63,14.64,14.65,14.66,600,1500,1100,10900,2200,300,800,1000,1000,3400,6900,2100,15800,16800,1000,3400,200,500,8100,1300
82.0,14.54,193900,2818401.0,14.54,14.53,14.52,14.51,14.5,14.49,14.48,14.46,14.43,14.42,14.56,14.57,14.58,14.59,14.6,14.61,14.62,14.63,14.64,14.65,600,1500,1100,10900,2200,300,800,1000,1000,3400,2500,6900,2100,16800,16600,1000,3400,200,500,8100
83.0,14.55,195000,2834396.0,14.54,14.53,14.52,14.51,14.5,14.49,14.48,14.46,14.43,14.42,14.56,14.57,14.58,14.59,14.6,14.61,14.62,14.63,14.64,14.65,1600,1300,1000,10900,2200,300,800,1000,1000,3400,2500,6900,2100,16800,16600,1000,3400,200,500,8100
84.0,14.56,195200,2837308.0,14.54,14.53,14.52,14.51,14.5,14.49,14.48,14.46,14.43,14.42,14.56,14.57,14.58,14.59,14.6,14.61,14.62,14.63,14.64,14.65,1700,1300,1000,10900,2200,300,800,1000,1000,3400,2300,6900,2100,16800,16600,1000,3400,200,500,8100
85.0,14.56,195200,2837308.0,14.54,14.53,14.52,14.51,14.5,14.49,14.48,14.46,14.43,14.42,14.56,14.57,14.58,14.59,14.6,14.61,14.62,14.63,14.64,14.65,1700,1300,1000,10900,2200,300,800,1000,1000,3400,2300,6900,2100,16800,16600,1000,3400,200,500,8100
86.0,14.56,195200,2837308.0,14.55,14.54,14.53,14.52,14.51,14.5,14.49,14.48,14.46,14.43,14.56,14.57,14.58,14.59,14.6,14.61,14.62,14.63,14.64,14.65,1300,1700,1300,1000,10900,2200,300,800,1000,1000,2300,6900,2700,16800,16600,1000,3400,200,500,8100
87.0,14.55,195500,2841675.0,14.55,14.54,14.53,14.52,14.51,14.5,14.49,14.48,14.46,14.43,14.56,14.57,14.58,14.59,14.6,14.61,14.62,14.63,14.64,14.65,1200,2700,1300,1000,10900,2200,300,800,1000,1000,2100,6900,2700,16800,17600,1000,3400,200,500,8100
88.0,14.55,195500,2841675.0,14.55,14.54,14.53,14.52,14.51,14.5,14.49,14.48,14.46,14.43,14.56,14.57,14.58,14.59,14.6,14.61,14.62,14.63,14.64,14.65,1200,2700,1300,1000,10900,2200,300,800,1000,1000,2500,6900,2700,16800,17600,1000,3400,200,500,8100
89.0,14.55,196400,2854775.0,14.55,14.54,14.53,14.52,14.51,14.5,14.49,14.48,14.46,14.43,14.56,14.57,14.58,14.59,14.6,14.61,14.62,14.63,14.64,14.65,800,2700,1300,1000,10900,2200,300,800,1000,1000,2000,6900,2700,16800,17600,1000,3400,200,500,8100
90.0,14.56,196700,2859143.0,14.55,14.54,14.53,14.52,14.51,14.5,14.49,14.48,14.46,14.43,14.56,14.57,14.58,14.59,14.6,14.61,14.62,14.63,14.64,14.65,800,2700,1300,1000,10900,2200,300,800,1000,1000,1700,6900,2700,16800,17600,1000,3400,200,500,8100
91.0,14.56,198500,2885351.0,14.56,14.55,14.54,14.53,14.52,14.51,14.5,14.49,14.48,14.46,14.57,14.58,14.59,14.6,14.61,14.62,14.63,14.64,14.65,14.66,2900,800,2700,1300,1000,10900,2200,300,800,1000,6900,2700,16800,17600,1000,3400,200,500,8100,1300
92.0,14.56,198500,2885351.0,14.56,14.55,14.54,14.53,14.52,14.51,14.5,14.49,14.48,14.46,14.57,14.58,14.59,14.6,14.61,14.62,14.63,14.64,14.65,14.66,2900,1800,2700,1300,1000,10900,2200,300,800,1000,6900,2700,15800,17600,1000,3400,200,500,8100,1300
93.0,14.57,199700,2902835.0,14.56,14.55,14.54,14.53,14.52,14.51,14.5,14.49,14.48,14.46,14.57,14.58,14.59,14.6,14.61,14.62,14.63,14.64,14.65,14.66,2900,1800,2700,1300,1000,10900,2200,300,800,1000,5700,2700,15800,17600,1000,3400,200,500,8100,1300
94.0,14.56,200200,2910115.0,14.56,14.55,14.54,14.53,14.52,14.51,14.5,14.49,14.48,14.46,14.57,14.58,14.59,14.6,14.61,14.62,14.63,14.64,14.65,14.66,2400,1800,2700,1300,1000,10900,2700,300,800,1000,5700,2700,15800,17600,1000,4200,200,500,8100,1300
95.0,14.56,200200,2910115.0,14.56,14.55,14.54,14.53,14.52,14.51,14.5,14.49,14.48,14.46,14.57,14.58,14.59,14.6,14.61,14.62,14.63,14.64,14.65,14.66,2400,1800,2700,1300,1000,10900,2700,300,800,1000,5700,2700,15800,17600,1000,4200,200,500,8100,1300
96.0,14.57,200800,2918857.0,14.56,14.55,14.54,14.53,14.52,14.51,14.5,14.49,14.48,14.46,14.57,14.58,14.59,14.6,14.61,14.62,14.63,14.64,14.65,14.66,2400,1800,2700,1300,1000,10900,2700,300,800,1000,5100,12000,15800,17600,1000,4200,200,500,8600,1300
97.0,14.56,201000,2921769.0,14.56,14.55,14.54,14.53,14.52,14.51,14.5,14.49,14.48,14.46,14.57,14.58,14.59,14.6,14.61,14.62,14.63,14.64,14.65,14.66,2200,1800,2700,1300,1000,10900,2700,300,800,1000,8500,12000,15800,17600,1000,4200,200,500,8600,1300
98.0,14.55,204000,2965441.0,14.55,14.54,14.53,14.52,14.51,14.5,14.49,14.48,14.46,14.43,14.56,14.57,14.58,14.59,14.6,14.61,14.62,14.63,14.64,14.65,1000,2600,1300,1000,10900,2500,300,800,1000,1000,400,8500,12000,15800,17600,1000,4200,200,500,8600
99.0,14.55,204000,2965441.0,14.55,14.54,14.53,14.52,14.51,14.5,14.49,14.48,14.46,14.43,14.56,14.57,14.58,14.59,14.6,14.61,14.62,14.63,14.64,14.65,1000,2600,1300,1000,10900,2500,300,800,1000,1000,400,8500,12500,15700,17600,1000,4200,200,500,8600
100.0,14.56,204400,2971265.0,14.56,14.55,14.54,14.53,14.52,14.51,14.5,14.49,14.48,14.46,14.57,14.58,14.59,14.6,14.61,14.62,14.63,14.64,14.65,14.66,1000,1000,2600,1300,1000,10900,2500,300,800,1000,9700,12500,15700,17600,1000,4200,200,500,8600,1300
101.0,14.56,204400,2971265.0,14.56,14.55,14.54,14.53,14.52,14.51,14.5,14.49,14.48,14.46,14.57,14.58,14.59,14.6,14.61,14.62,14.63,14.64,14.65,14.66,1000,1000,2600,1300,1000,10900,2500,300,800,1000,9700,12500,15600,17600,1000,4200,200,500,8600,1300
102.0,14.56,205500,2987287.0,14.56,14.55,14.54,14.53,14.52,14.51,14.5,14.49,14.48,14.46,14.57,14.58,14.59,14.6,14.61,14.62,14.63,14.64,14.65,14.66,500,1000,2600,1300,1000,10900,2500,300,800,1000,9100,12500,15600,20600,1000,4200,200,500,8600,1300
103.0,14.57,211500,3074707.0,14.56,14.55,14.54,14.53,14.52,14.51,14.5,14.49,14.48,14.46,14.57,14.58,14.59,14.6,14.61,14.62,14.63,14.64,14.65,14.66,500,1000,2600,1300,1000,10900,2500,300,800,1000,3100,12500,15600,20600,1000,4200,200,500,8600,1300
104.0,14.57,211500,3074707.0,14.56,14.55,14.54,14.53,14.52,14.51,14.5,14.49,14.48,14.46,14.57,14.58,14.59,14.6,14.61,14.62,14.63,14.64,14.65,14.66,500,1000,2600,1300,1000,10900,2500,300,800,1000,3100,12500,15200,20600,1000,4200,200,500,8600,1300
105.0,14.57,211800,3079078.0,14.56,14.55,14.54,14.53,14.52,14.51,14.5,14.49,14.48,14.46,14.57,14.58,14.59,14.6,14.61,14.62,14.63,14.64,14.65,14.66,2100,1000,2600,500,1000,10900,2500,300,800,1000,2800,12500,15200,20600,1000,4200,200,500,8600,1300
106.0,14.57,211800,3079078.0,14.56,14.55,14.54,14.53,14.52,14.51,14.5,14.49,14.48,14.46,14.57,14.58,14.59,14.6,14.61,14.62,14.63,14.64,14.65,14.66,2100,1000,2600,500,1000,10900,2500,300,800,1000,2800,14500,15200,20800,1000,4200,200,500,8600,1300
107.0,14.57,214600,3119841.0,14.55,14.54,14.53,14.52,14.51,14.5,14.49,14.48,14.46,14.43,14.56,14.57,14.58,14.59,14.6,14.61,14.62,14.63,14.64,14.65,400,2600,500,1000,10900,2500,300,800,1000,1000,3100,2700,14500,15200,20800,1000,4200,200,500,8600
108.0,14.56,214900,3124209.0,14.55,14.54,14.53,14.52,14.51,14.5,14.49,14.48,14.46,14.43,14.56,14.57,14.58,14.59,14.6,14.61,14.62,14.63,14.64,14.65,400,2600,500,1000,10900,2500,300,800,1000,1000,2800,3400,14500,15200,20800,1000,4200,200,500,8600
109.0,14.56,214900,3124209.0,14.55,14.54,14.53,14.52,14.51,14.5,14.49,14.48,14.46,14.43,14.56,14.57,14.58,14.59,14.6,14.61,14.62,14.63,14.64,14.65,400,2600,500,1000,10900,2500,300,800,1000,1000,2800,3400,14500,15200,20800,1000,4200,200,500,8600
110.0,14.56,214900,3124209.0,14.55,14.54,14.53,14.52,14.51,14.5,14.49,14.48,14.46,14.43,14.56,14.57,14.58,14.59,14.6,14.61,14.62,14.63,14.64,14.65,400,3700,500,1000,10900,2500,300,800,1000,1000,2800,3800,14500,15200,20800,1000,4200,200,500,8600
111.0,14.56,215100,3127121.0,14.55,14.54,14.53,14.52,14.51,14.5,14.49,14.48,14.46,14.43,14.56,14.57,14.58,14.59,14.6,14.61,14.62,14.63,14.64,14.65,400,3700,500,1000,10900,2500,300,800,1000,1000,3400,5100,14500,15200,20800,1000,4200,200,500,8600
112.0,14.56,215100,3127121.0,14.55,14.54,14.53,14.52,14.51,14.5,14.49,14.48,14.46,14.43,14.56,14.57,14.58,14.59,14.6,14.61,14.62,14.63,14.64,14.65,400,3700,500,1200,10900,2500,300,800,1000,1000,3400,5100,14500,15200,20800,1000,4700,200,500,8600
113.0,14.56,215100,3127121.0,14.55,14.54,14.53,14.52,14.51,14.5,14.49,14.48,14.46,14.43,14.56,14.57,14.58,14.59,14.6,14.61,14.62,14.63,14.64,14.65,400,3700,500,1200,10900,2500,300,800,1000,1000,3400,5100,14500,15200,20800,1000,4700,200,500,8600
114.0,14.56,216000,3140225.0,14.55,14.54,14.53,14.52,14.51,14.5,14.49,14.48,14.46,14.43,14.56,14.57,14.58,14.59,14.6,14.61,14.62,14.63,14.64,14.65,400,3700,500,1200,10900,2500,300,800,1000,1000,2500,7600,14500,16600,20800,1000,4700,200,500,8600
115.0,14.56,216000,3140225.0,14.55,14.54,14.53,14.52,14.51,14.5,14.49,14.48,14.46,14.43,14.56,14.57,14.58,14.59,14.6,14.61,14.62,14.63,14.64,14.65,400,3700,500,1200,10900,2500,300,800,1000,1000,6600,10400,14500,16600,20800,1000,4700,200,500,8600
116.0,14.56,216000,3140225.0,14.55,14.54,14.53,14.52,14.51,14.5,14.49,14.48,14.46,14.43,14.56,14.57,14.58,14.59,14.6,14.61,14.62,14.63,14.64,14.65,400,3700,500,1200,10900,2500,300,800,1000,1000,7700,10400,14500,16600,20800,1000,4700,200,500,8600
117.0,14.56,216700,3150417.0,14.55,14.54,14.53,14.52,14.51,14.5,14.49,14.48,14.46,14.43,14.56,14.57,14.58,14.59,14.6,14.61,14.62,14.63,14.64,14.65,400,3700,500,1200,10900,2500,300,800,1000,1000,7000,10400,14500,16600,20800,1000,4700,200,500,8600
118.0,14.56,216700,3150417.0,14.55,14.54,14.53,14.52,14.51,14.5,14.49,14.48,14.46,14.43,14.56,14.57,14.58,14.59,14.6,14.61,14.62,14.63,14.64,14.65,400,3700,500,1200,10900,2500,300,800,1000,1000,7000,10400,14500,16600,20800,1000,4700,200,500,8600
119.0,14.56,216700,3150417.0,14.55,14.54,14.53,14.52,14.51,14.5,14.49,14.48,14.46,14.43,14.56,14.57,14.58,14.59,14.6,14.61,14.62,14.63,14.64,14.65,400,3700,500,1200,10900,2500,300,800,1000,1000,7000,10400,14500,16600,20800,1000,4700,200,500,8600
120.0,14.56,217300,3159153.0,14.55,14.54,14.53,14.52,14.51,14.5,14.49,14.48,14.46,14.43,14.56,14.57,14.58,14.59,14.6,14.61,14.62,14.63,14.64,14.65,400,3700,500,1200,10900,2600,300,800,1000,1000,6400,10400,14500,16600,20800,1000,4700,200,500,8600
121.0,14.56,217300,3159153.0,14.55,14.54,14.53,14.52,14.51,14.5,14.49,14.48,14.46,14.43,14.56,14.57,14.58,14.59,14.6,14.61,14.62,14.63,14.64,14.65,400,3700,500,2000,10900,2600,300,800,1000,1000,6400,10400,14500,16600,20800,1000,4700,200,500,8600
122.0,14.54,220400,3204231.0,14.54,14.53,14.52,14.51,14.5,14.49,14.48,14.46,14.43,14.42,14.55,14.56,14.57,14.58,14.59,14.6,14.61,14.62,14.63,14.64,1000,500,2000,10900,2600,300,800,1000,1000,3300,500,6400,10400,14500,16600,20900,1000,4700,200,500
123.0,14.55,220500,3205686.0,14.54,14.53,14.52,14.51,14.5,14.49,14.48,14.46,14.43,14.42,14.55,14.56,14.57,14.58,14.59,14.6,14.61,14.62,14.63,14.64,1000,500,2000,10900,2600,300,800,1000,1000,3300,400,16400,10400,14500,16600,31300,1000,4700,200,500
124.0,14.55,220500,3205686.0,14.54,14.53,14.52,14.51,14.5,14.49,14.48,14.46,14.43,14.42,14.55,14.56,14.57,14.58,14.59,14.6,14.61,14.62,14.63,14.64,1000,500,2000,10900,2600,300,800,1000,1000,3300,400,16400,10400,14500,16600,31300,1000,4700,200,500
125.0,14.55,220500,3205686.0,14.54,14.53,14.52,14.51,14.5,14.49,14.48,14.46,14.43,14.42,14.55,14.56,14.57,14.58,14.59,14.6,14.61,14.62,14.63,14.64,1000,500,2000,10900,2600,300,800,1000,1000,3300,400,16500,10400,14500,16600,31300,1000,4700,200,500
126.0,14.54,221200,3215864.0,14.54,14.53,14.52,14.51,14.5,14.49,14.48,14.46,14.43,14.42,14.55,14.56,14.57,14.58,14.59,14.6,14.61,14.62,14.63,14.64,300,500,2000,10900,2600,300,800,1000,1000,3300,400,16500,10400,14500,16600,31300,1000,4700,200,500
127.0,14.54,221300,3217318.0,14.54,14.53,14.52,14.51,14.5,14.49,14.48,14.46,14.43,14.42,14.55,14.56,14.57,14.58,14.59,14.6,14.61,14.62,14.63,14.64,200,500,2000,10900,2600,300,800,1000,1000,3300,2800,16500,10400,14500,16600,31300,1000,4700,200,500
128.0,14.55,221400,3218773.0,14.54,14.53,14.52,14.51,14.5,14.49,14.48,14.46,14.43,14.42,14.55,14.56,14.57,14.58,14.59,14.6,14.61,14.62,14.63,14.64,200,500,2000,10900,2600,300,300,1000,1000,3300,2700,16500,10400,14500,16600,31300,1000,4700,200,500
129.0,14.52,222500,3234760.0,14.52,14.51,14.5,14.49,14.48,14.46,14.43,14.42,14.41,14.4,14.54,14.55,14.56,14.57,14.58,14.59,14.6,14.61,14.62,14.63,1800,10900,2600,300,300,1000,1000,3300,3700,1500,100,2500,18500,10400,14500,16600,31300,1000,4700,200
130.0,14.52,222600,3236212.0,14.52,14.51,14.5,14.49,14.48,14.46,14.43,14.42,14.41,14.4,14.54,14.55,14.56,14.57,14.58,14.59,14.6,14.61,14.62,14.63,1700,10900,2600,300,300,1000,1000,3300,3700,1500,100,2500,18500,10400,14500,16600,31300,1000,4700,200
131.0,14.54,223100,3243484.0,14.52,14.51,14.5,14.49,14.48,14.46,14.43,14.42,14.41,14.4,14.54,14.55,14.56,14.57,14.58,14.59,14.6,14.61,14.62,14.63,2200,10900,2600,600,300,1000,1000,3300,3700,1500,3100,2800,18500,10400,14500,16600,31300,1000,4700,200
132.0,14.54,223400,3247846.0,14.52,14.51,14.5,14.49,14.48,14.46,14.43,14.42,14.41,14.4,14.54,14.55,14.56,14.57,14.58,14.59,14.6,14.61,14.62,14.63,2200,10900,2600,600,300,1000,1000,3300,3700,1500,2800,2800,18500,10400,14600,16600,31300,1000,4700,200
133.0,14.54,223400,3247846.0,14.52,14.51,14.5,14.49,14.48,14.46,14.43,14.42,14.41,14.4,14.54,14.55,14.56,14.57,14.58,14.59,14.6,14.61,14.62,14.63,2200,10900,2600,600,300,1000,1000,3300,3700,1500,2800,2800,18500,10400,14600,16600,31300,1000,4700,200
134.0,14.54,223500,3249300.0,14.52,14.51,14.5,14.49,14.48,14.46,14.43,14.42,14.41,14.4,14.54,14.55,14.56,14.57,14.58,14.59,14.6,14.61,14.62,14.63,2200,10900,2600,600,300,1000,1000,3300,3700,1500,1300,2500,18500,10400,14600,16600,31300,1000,4700,200
135.0,14.54,223500,3249300.0,14.52,14.51,14.5,14.49,14.48,14.46,14.43,14.42,14.41,14.4,14.53,14.54,14.55,14.56,14.57,14.58,14.59,14.6,14.61,14.62,2200,10900,2600,600,300,1000,1000,3300,3700,1500,2000,4300,2500,18500,10400,14600,16700,31900,1000,4700
136.0,14.53,223700,3252206.0,14.52,14.51,14.5,14.49,14.48,14.46,14.43,14.42,14.41,14.4,14.53,14.54,14.55,14.56,14.57,14.58,14.59,14.6,14.61,14.62,2200,10900,2600,600,300,1000,1000,3300,3700,1500,1800,4300,2800,18500,10400,14600,16700,31900,1000,4700
137.0,14.54,225700,3281268.0,14.52,14.51,14.5,14.49,14.48,14.46,14.43,14.42,14.41,14.4,14.54,14.55,14.56,14.57,14.58,14.59,14.6,14.61,14.62,14.63,2200,10900,2600,600,300,1000,1000,3300,3700,1500,4100,2800,18500,10400,14600,16700,31900,1000,4700,200
138.0,14.54,225700,3281268.0,14.52,14.51,14.5,14.49,14.48,14.46,14.43,14.42,14.41,14.4,14.54,14.55,14.56,14.57,14.58,14.59,14.6,14.61,14.62,14.63,2200,11400,2600,600,300,1000,1000,3300,3700,1500,4900,2800,18500,10400,14600,16700,31900,1000,4700,200
139.0,14.54,226100,3287084.0,14.52,14.51,14.5,14.49,14.48,14.46,14.43,14.42,14.41,14.4,14.54,14.55,14.56,14.57,14.58,14.59,14.6,14.61,14.62,14.63,2200,11400,2600,600,300,1000,1000,3300,3700,1500,4500,2800,18500,10400,14600,16700,31900,1000,4700,200
140.0,14.54,226100,3287084.0,14.52,14.51,14.5,14.49,14.48,14.46,14.43,14.42,14.41,14.4,14.54,14.55,14.56,14.57,14.58,14.59,14.6,14.61,14.62,14.63,2200,11400,2600,600,300,1000,1000,3300,3700,1500,4500,2800,17700,10400,14600,16700,31900,1000,4700,200
141.0,14.54,226100,3287084.0,14.52,14.51,14.5,14.49,14.48,14.46,14.43,14.42,14.41,14.4,14.53,14.54,14.55,14.56,14.57,14.58,14.59,14.6,14.61,14.62,2200,11400,2600,600,300,1000,1000,3300,3700,1500,300,4500,2800,17700,10400,14600,16700,31900,1000,4700
142.0,14.53,226200,3288537.0,14.52,14.51,14.5,14.49,14.48,14.46,14.43,14.42,14.41,14.4,14.53,14.54,14.55,14.56,14.57,14.58,14.59,14.6,14.61,14.62,2200,11400,2600,600,300,1000,1000,3300,3700,1500,200,4500,2800,19200,10400,14600,16700,31900,1000,4700
143.0,14.53,226200,3288537.0,14.52,14.51,14.5,14.49,14.48,14.46,14.43,14.42,14.41,14.4,14.53,14.54,14.55,14.56,14.57,14.58,14.59,14.6,14.61,14.62,2200,11400,2600,600,300,1000,1000,3300,3700,1500,200,4500,2800,19200,10400,14600,16700,31900,1000,4700
144.0,14.53,226200,3288537.0,14.52,14.51,14.5,14.49,14.48,14.46,14.43,14.42,14.41,14.4,14.53,14.54,14.55,14.56,14.57,14.58,14.59,14.6,14.61,14.62,2200,11400,2600,600,300,1000,1000,3300,3700,1500,200,4500,2800,19200,10400,14600,16700,31900,1000,4700
145.0,14.53,226200,3288537.0,14.52,14.51,14.5,14.49,14.48,14.46,14.43,14.42,14.41,14.4,14.53,14.54,14.55,14.56,14.57,14.58,14.59,14.6,14.61,14.62,2200,11400,2600,600,300,1000,1000,3300,3700,1500,200,4500,2800,19200,10400,14600,16700,31900,1000,4700
146.0,14.53,226200,3288537.0,14.52,14.51,14.5,14.49,14.48,14.46,14.43,14.42,14.41,14.4,14.53,14.54,14.55,14.56,14.57,14.58,14.59,14.6,14.61,14.62,2200,11400,2600,600,300,1000,1000,3300,3700,1500,200,4500,2800,19200,10400,14600,16700,31900,1000,4700
147.0,14.53,226200,3288537.0,14.52,14.51,14.5,14.49,14.48,14.46,14.43,14.42,14.41,14.4,14.53,14.54,14.55,14.56,14.57,14.58,14.59,14.6,14.61,14.62,2200,11400,2600,600,300,1000,1000,3300,3700,1500,200,4500,2800,19200,10400,14600,17100,31900,1000,4700
148.0,14.53,226200,3288537.0,14.52,14.51,14.5,14.49,14.48,14.46,14.43,14.42,14.41,14.4,14.53,14.54,14.55,14.56,14.57,14.58,14.59,14.6,14.61,14.62,2200,11400,2600,300,300,1000,1000,3300,3700,1500,200,4500,2800,19200,10400,14600,17100,31900,1000,4700
149.0,14.53,226200,3288537.0,14.52,14.51,14.5,14.49,14.48,14.46,14.43,14.42,14.41,14.4,14.53,14.54,14.55,14.56,14.57,14.58,14.59,14.6,14.61,14.62,2200,11400,2600,300,300,1000,1000,3300,3700,1500,200,4500,6700,19200,10400,14600,17100,31900,1000,4700
150.0,14.53,226200,3288537.0,14.52,14.51,14.5,14.49,14.48,14.46,14.43,14.42,14.41,14.4,14.53,14.54,14.55,14.56,14.57,14.58,14.59,14.6,14.61,14.62,2200,11400,2600,300,300,1000,1000,3300,3700,1500,200,4500,6700,19200,9600,14600,16100,31900,1000,4700
151.0,14.53,226300,3289990.0,14.52,14.51,14.5,14.49,14.48,14.46,14.43,14.42,14.41,14.4,14.53,14.54,14.55,14.56,14.57,14.58,14.59,14.6,14.61,14.62,2200,11400,2600,300,300,1000,1000,3300,3700,1500,100,4500,6700,19200,9600,14600,16100,31900,1000,4700
152.0,14.53,226400,3291443.0,14.52,14.51,14.5,14.49,14.48,14.46,14.43,14.42,14.41,14.4,14.54,14.55,14.56,14.57,14.58,14.59,14.6,14.61,14.62,14.63,2200,11400,2600,300,300,1000,1000,3300,3700,1500,4500,6700,19200,6800,14600,16100,31900,1000,4700,200
153.0,14.52,228600,3323387.0,14.51,14.5,14.49,14.48,14.46,14.43,14.42,14.41,14.4,14.38,14.52,14.54,14.55,14.56,14.57,14.58,14.59,14.6,14.61,14.62,11400,2600,300,300,1000,1000,3800,3700,1500,8000,2000,4500,6700,19200,6800,14600,16100,31900,1000,4700
154.0,14.51,229500,3336446.0,14.51,14.5,14.49,14.48,14.46,14.43,14.42,14.41,14.4,14.38,14.52,14.54,14.55,14.56,14.57,14.58,14.59,14.6,14.61,14.62,10500,3200,300,300,1000,1000,3800,3700,1500,8000,3000,4500,6700,19100,5400,14600,16400,31900,1000,4700
155.0,14.52,230800,3355322.0,14.51,14.5,14.49,14.48,14.46,14.43,14.42,14.41,14.4,14.38,14.52,14.54,14.55,14.56,14.57,14.58,14.59,14.6,14.61,14.62,11600,3200,300,300,1000,1000,3800,3700,1500,8000,1700,4500,6700,19100,5400,14600,16400,31900,1000,4700
156.0,14.52,230800,3355322.0,14.51,14.5,14.49,14.48,14.46,14.43,14.42,14.41,14.4,14.38,14.52,14.54,14.55,14.56,14.57,14.58,14.59,14.6,14.61,14.62,11600,3200,300,300,1000,1000,3800,3700,1500,8000,1700,4500,6700,19100,5400,14600,16400,31900,1000,4700
157.0,14.52,231000,3358226.0,14.51,14.5,14.49,14.48,14.46,14.43,14.42,14.41,14.4,14.38,14.52,14.53,14.54,14.55,14.56,14.57,14.58,14.59,14.6,14.61,11600,3200,300,300,1000,1000,3800,3700,1500,8000,1500,4200,4500,6700,19100,5400,14600,16400,31900,1000
158.0,14.52,231300,3362582.0,14.51,14.5,14.49,14.48,14.46,14.43,14.42,14.41,14.4,14.38,14.52,14.53,14.54,14.55,14.56,14.57,14.58,14.59,14.6,14.61,11600,3200,300,300,500,1000,3800,3700,1500,8000,1200,4200,4500,6700,19100,5400,14600,16400,31900,1000
159.0,14.51,243300,3536706.0,14.5,14.49,14.48,14.46,14.43,14.42,14.41,14.4,14.38,14.37,14.51,14.52,14.53,14.54,14.55,14.56,14.57,14.58,14.59,14.6,3200,300,300,500,1000,3800,3700,1500,8000,2000,500,800,4200,4500,7200,19100,5400,14700,16400,31900
160.0,14.51,244900,3559922.0,14.51,14.5,14.49,14.48,14.46,14.43,14.42,14.41,14.4,14.38,14.52,14.53,14.54,14.55,14.56,14.57,14.58,14.59,14.6,14.61,3500,3200,300,300,500,1000,3800,3700,1500,8000,800,4200,4500,7200,19100,5400,14700,16400,31900,1000
161.0,14.51,244900,3559922.0,14.51,14.5,14.49,14.48,14.46,14.43,14.42,14.41,14.4,14.38,14.52,14.53,14.54,14.55,14.56,14.57,14.58,14.59,14.6,14.61,3700,3200,300,300,500,1000,3800,3700,1500,8000,800,5200,4500,7200,19100,5400,14700,16400,31900,1000
162.0,14.51,244900,3559922.0,14.51,14.5,14.49,14.48,14.46,14.43,14.42,14.41,14.4,14.38,14.52,14.53,14.54,14.55,14.56,14.57,14.58,14.59,14.6,14.61,3700,3200,300,300,900,1000,3800,3700,1500,8000,800,5200,4500,7200,19100,5400,14700,16400,31900,1000
163.0,14.52,245100,3562826.0,14.51,14.5,14.49,14.48,14.46,14.43,14.42,14.41,14.4,14.38,14.52,14.53,14.54,14.55,14.56,14.57,14.58,14.59,14.6,14.61,3700,3200,300,300,900,1000,3800,3700,1500,8000,600,5200,4500,7200,19100,5400,14700,16400,31900,1000
164.0,14.52,245700,3571538.0,14.52,14.51,14.5,14.49,14.48,14.46,14.43,14.42,14.41,14.4,14.53,14.54,14.55,14.56,14.57,14.58,14.59,14.6,14.61,14.62,2500,4600,3200,300,300,900,1000,3800,3700,1500,5200,4500,7200,19100,5400,14700,16400,31900,1000,4700
165.0,14.53,246200,3578803.0,14.52,14.51,14.5,14.49,14.48,14.46,14.43,14.42,14.41,14.4,14.53,14.54,14.55,14.56,14.57,14.58,14.59,14.6,14.61,14.62,2900,4600,3200,300,300,900,1000,3800,3700,1500,4700,4500,7200,19100,5400,14700,16400,31900,1000,4700
166.0,14.53,247400,3596239.0,14.52,14.51,14.5,14.49,14.48,14.46,14.43,14.42,14.41,14.4,14.53,14.54,14.55,14.56,14.57,14.58,14.59,14.6,14.61,14.62,3200,4600,3200,300,300,900,1000,3800,3700,1500,3500,4500,7200,19100,5400,14700,16400,31900,1000,4700
167.0,14.53,247500,3597692.0,14.52,14.51,14.5,14.49,14.48,14.46,14.43,14.42,14.41,14.4,14.53,14.54,14.55,14.56,14.57,14.58,14.59,14.6,14.61,14.62,3800,4600,3200,300,300,900,1000,3800,3700,1500,3400,4500,7200,19100,5400,14700,16400,31900,1000,4700
168.0,14.51,256300,3725424.0,14.51,14.5,14.49,14.48,14.46,14.43,14.42,14.41,14.4,14.38,14.53,14.54,14.55,14.56,14.57,14.58,14.59,14.6,14.61,14.62,400,3200,300,300,900,1000,3800,3700,1500,8000,3100,4500,7200,19100,5400,14700,16400,31900,1000,4700
169.0,14.51,256300,3725424.0,14.51,14.5,14.49,14.48,14.46,14.43,14.42,14.41,14.4,14.38,14.53,14.54,14.55,14.56,14.57,14.58,14.59,14.6,14.61,14.62,400,3200,300,300,900,1000,3800,3700,1500,8000,3100,4500,7200,18700,5400,14700,16400,31900,1000,4700
170.0,14.52,256500,3728328.0,14.51,14.5,14.49,14.48,14.46,14.43,14.42,14.41,14.4,14.38,14.52,14.53,14.54,14.55,14.56,14.57,14.58,14.59,14.6,14.61,1400,3200,300,300,900,1000,3800,3700,1500,8000,2600,3100,4500,7200,18700,5400,14700,16600,31900,1000
171.0,14.52,257000,3735588.0,14.51,14.5,14.49,14.48,14.46,14.43,14.42,14.41,14.4,14.38,14.52,14.53,14.54,14.55,14.56,14.57,14.58,14.59,14.6,14.61,1400,3200,300,300,900,1000,3800,3700,1500,8000,3600,2300,4500,7200,18700,5400,14700,16600,31900,1000
172.0,14.52,257300,3739944.0,14.51,14.5,14.49,14.48,14.46,14.43,14.42,14.41,14.4,14.38,14.52,14.53,14.54,14.55,14.56,14.57,14.58,14.59,14.6,14.61,1400,1200,300,300,900,1000,3800,3700,1500,8000,3300,2300,4500,7200,18700,5400,14700,16600,31900,1000
173.0,14.52,257600,3744300.0,14.51,14.5,14.49,14.48,14.46,14.43,14.42,14.41,14.4,14.38,14.52,14.53,14.54,14.55,14.56,14.57,14.58,14.59,14.6,14.61,1400,1200,300,300,900,1000,3800,3700,1500,8000,3500,2300,4500,7200,18700,5400,14700,16600,31900,1000
174.0,14.52,257600,3744300.0,14.51,14.5,14.49,14.48,14.46,14.43,14.42,14.41,14.4,14.38,14.52,14.53,14.54,14.55,14.56,14.57,14.58,14.59,14.6,14.61,1400,1200,300,300,900,1000,3800,3700,1500,8000,4100,2300,4500,7200,18700,5400,14700,16600,31900,1000
175.0,14.52,258000,3750108.0,14.51,14.5,14.49,14.48,14.46,14.43,14.42,14.41,14.4,14.38,14.52,14.53,14.54,14.55,14.56,14.57,14.58,14.59,14.6,14.61,1800,1200,300,300,900,1000,3800,3700,1500,8000,3700,2300,4500,7200,18700,5400,14700,16600,31900,1000
176.0,14.52,258000,3750108.0,14.51,14.5,14.49,14.48,14.46,14.43,14.42,14.41,14.4,14.38,14.52,14.53,14.54,14.55,14.56,14.57,14.58,14.59,14.6,14.61,1800,1200,300,300,900,1000,3800,3700,1500,8000,3000,2300,4500,7200,18700,5400,14700,16600,31900,1000
177.0,14.51,259700,3774791.0,14.51,14.5,14.49,14.48,14.46,14.43,14.42,14.41,14.4,14.38,14.52,14.53,14.54,14.55,14.56,14.57,14.58,14.59,14.6,14.61,1700,1200,300,300,900,1000,3800,3700,1500,8000,1400,2300,4500,7200,18700,5400,14700,17000,31900,1000
178.0,14.52,259800,3776243.0,14.51,14.5,14.49,14.48,14.46,14.43,14.42,14.41,14.4,14.38,14.52,14.53,14.54,14.55,14.56,14.57,14.58,14.59,14.6,14.61,1700,1200,300,300,900,1000,3800,3700,1500,8000,1300,2300,4500,7200,18700,5400,14700,17000,31900,1000
179.0,14.52,259900,3777695.0,14.51,14.5,14.49,14.48,14.46,14.44,14.43,14.42,14.41,14.4,14.52,14.53,14.54,14.55,14.56,14.57,14.58,14.59,14.6,14.61,1700,1200,300,300,900,1000,1000,3800,3700,1500,1200,2300,4500,7200,18700,5400,14700,17000,31900,1000
180.0,14.52,260000,3779147.0,14.51,14.5,14.49,14.48,14.46,14.44,14.43,14.42,14.41,14.4,14.52,14.53,14.54,14.55,14.56,14.57,14.58,14.59,14.6,14.61,1700,1200,300,300,900,1000,1000,3800,3700,1500,1500,2300,4500,7200,18700,5400,14700,17000,31900,1000
181.0,14.51,265700,3861854.0,14.5,14.49,14.48,14.46,14.44,14.43,14.42,14.41,14.4,14.38,14.51,14.52,14.53,14.54,14.55,14.56,14.57,14.58,14.59,14.6,1200,300,300,900,1000,1000,3800,3700,1500,8000,24300,1600,2300,4500,7000,18700,5400,14700,17000,31900
182.0,14.51,267900,3893776.0,14.5,14.49,14.48,14.46,14.44,14.43,14.42,14.41,14.4,14.38,14.51,14.52,14.53,14.54,14.55,14.56,14.57,14.58,14.59,14.6,1200,300,300,900,1000,1000,3800,3700,1500,8000,23600,1600,2300,4500,7000,18700,5400,14700,17000,31900
183.0,14.5,273900,3980831.0,14.5,14.49,14.48,14.46,14.44,14.43,14.42,14.41,14.4,14.38,14.51,14.52,14.53,14.54,14.55,14.56,14.57,14.58,14.59,14.6,700,300,300,900,1000,1000,3800,3700,1500,8000,18100,1900,2300,4500,7000,18700,5400,15300,18000,31900
184.0,14.51,274300,3986635.0,14.5,14.49,14.48,14.46,14.44,14.43,14.42,14.41,14.4,14.38,14.51,14.52,14.53,14.54,14.55,14.56,14.57,14.58,14.59,14.6,700,300,300,900,1000,1000,3800,3700,1500,8000,17700,1900,2300,4500,7000,18700,5400,15300,18000,31900
185.0,14.51,279100,4056283.0,14.5,14.49,14.48,14.46,14.44,14.43,14.42,14.41,14.4,14.38,14.51,14.52,14.53,14.54,14.55,14.56,14.57,14.58,14.59,14.6,1500,300,300,900,1000,1000,3800,3700,1500,8000,12900,1900,2300,4500,7000,18700,5400,15300,18000,31900
186.0,14.51,279700,4064989.0,14.5,14.49,14.48,14.46,14.44,14.43,14.42,14.41,14.4,14.38,14.51,14.52,14.53,14.54,14.55,14.56,14.57,14.58,14.59,14.6,1500,300,300,900,1000,1000,3800,3700,1500,8000,12300,1900,2300,4500,7000,18700,5400,15300,18000,31900
187.0,14.51,281600,4092558.0,14.5,14.49,14.48,14.46,14.44,14.43,14.42,14.41,14.4,14.38,14.51,14.52,14.53,14.54,14.55,14.56,14.57,14.58,14.59,14.6,3500,300,300,900,1000,1000,3800,3700,1500,8000,8900,1900,2300,4500,7000,18700,5400,15300,18000,31900
188.0,14.51,284800,4138990.0,14.5,14.49,14.48,14.46,14.44,14.43,14.42,14.41,14.4,14.38,14.51,14.52,14.53,14.54,14.55,14.56,14.57,14.58,14.59,14.6,3500,300,300,900,1000,1000,3800,3700,1500,8000,5700,1900,2300,4500,7000,18700,5400,15300,18000,31900
189.0,14.51,285300,4146245.0,14.5,14.49,14.48,14.46,14.44,14.43,14.42,14.41,14.4,14.38,14.51,14.52,14.53,14.54,14.55,14.56,14.57,14.58,14.59,14.6,4100,300,300,900,1000,1000,3800,3700,1500,8000,5200,1900,2300,4500,7000,18700,5400,15300,18000,31900
190.0,14.51,285300,4146245.0,14.5,14.49,14.48,14.46,14.44,14.43,14.42,14.41,14.4,14.38,14.51,14.52,14.53,14.54,14.55,14.56,14.57,14.58,14.59,14.6,4200,300,300,900,1000,1000,3800,3700,1500,8000,5200,1900,2300,4500,7000,18700,5400,15300,18000,31900
191.0,14.51,285700,4152049.0,14.5,14.49,14.48,14.46,14.44,14.43,14.42,14.41,14.4,14.38,14.51,14.52,14.53,14.54,14.55,14.56,14.57,14.58,14.59,14.6,4200,300,300,900,1000,1000,3800,3700,1500,8000,4800,1900,2300,4500,7000,18700,5400,15300,18000,31900
192.0,14.5,287400,4176701.0,14.5,14.49,14.48,14.46,14.44,14.43,14.42,14.41,14.4,14.38,14.51,14.52,14.53,14.54,14.55,14.56,14.57,14.58,14.59,14.6,2700,300,300,900,1000,1000,3800,3700,1500,8000,4600,1900,2300,4500,7000,18700,5400,15300,18200,31900
193.0,14.51,287800,4182505.0,14.5,14.49,14.48,14.46,14.44,14.43,14.42,14.41,14.4,14.38,14.51,14.52,14.53,14.54,14.55,14.56,14.57,14.58,14.59,14.6,2700,300,300,900,1000,1000,3800,3700,1500,8000,4200,1600,2300,4500,7000,18700,5400,15300,18200,31900
194.0,14.5,289500,4207167.0,14.5,14.49,14.48,14.46,14.44,14.43,14.42,14.41,14.4,14.38,14.51,14.52,14.53,14.54,14.55,14.56,14.57,14.58,14.59,14.6,2200,300,300,900,1000,1000,3800,3700,1500,8000,4000,1600,2300,4500,7000,18700,5400,15800,18200,31900
195.0,14.5,289500,4207167.0,14.5,14.49,14.48,14.46,14.44,14.43,14.42,14.41,14.4,14.38,14.51,14.52,14.53,14.54,14.55,14.56,14.57,14.58,14.59,14.6,2200,300,300,900,1000,1000,3800,3700,1500,8000,4000,1600,2300,4500,7000,18700,5400,15800,18200,31900
196.0,14.5,290200,4217321.0,14.5,14.49,14.48,14.46,14.44,14.43,14.42,14.41,14.4,14.38,14.51,14.52,14.53,14.54,14.55,14.56,14.57,14.58,14.59,14.6,1900,300,300,900,1000,1000,3800,3700,1500,8000,3600,1600,2300,4500,7000,18700,5400,15800,18200,31900
197.0,14.5,290200,4217321.0,14.5,14.49,14.48,14.46,14.44,14.43,14.42,14.41,14.4,14.38,14.51,14.52,14.53,14.54,14.55,14.56,14.57,14.58,14.59,14.6,1900,300,300,900,1000,1000,3800,3700,1500,8000,3600,1600,2300,4500,7000,18700,5400,15800,18200,31900
198.0,14.51,290900,4227476.0,14.5,14.49,14.48,14.46,14.44,14.43,14.42,14.41,14.4,14.38,14.51,14.52,14.53,14.54,14.55,14.56,14.57,14.58,14.59,14.6,1700,300,300,900,1000,1000,3800,3700,1500,8000,3500,1600,2300,4500,7000,18700,5400,15800,18200,31900
199.0,14.51,291200,4231829.0,14.5,14.49,14.48,14.46,14.44,14.43,14.42,14.41,14.4,14.38,14.51,14.52,14.53,14.54,14.55,14.56,14.57,14.58,14.59,14.6,1700,300,300,900,1000,1000,3800,3700,1500,8000,3200,1600,2300,4500,7000,18700,5400,15800,18200,31900
200.0,14.51,291200,4231829.0,14.5,14.49,14.48,14.47,14.46,14.44,14.43,14.42,14.41,14.4,14.51,14.52,14.53,14.54,14.55,14.56,14.57,14.58,14.59,14.6,2700,300,300,2900,900,1000,1000,3800,3700,1500,3200,1600,2300,4500,7000,18700,5400,15800,18200,31500
201.0,14.51,291500,4236182.0,14.5,14.49,14.48,14.47,14.46,14.44,14.43,14.42,14.41,14.4,14.51,14.52,14.53,14.54,14.55,14.56,14.57,14.58,14.59,14.6,2700,300,300,2900,900,1000,1000,3800,3700,1500,2900,1600,2300,4500,7000,18700,5400,15800,18200,31500
202.0,14.5,291600,4237632.0,14.5,14.49,14.48,14.47,14.46,14.44,14.43,14.42,14.41,14.4,14.51,14.52,14.53,14.54,14.55,14.56,14.57,14.58,14.59,14.6,2600,300,300,2900,900,1000,1000,3800,3700,1500,2900,1600,2300,4500,7000,18700,5400,15800,18200,31500
203.0,14.51,291800,4240534.0,14.5,14.49,14.48,14.47,14.46,14.44,14.43,14.42,14.41,14.4,14.51,14.52,14.53,14.54,14.55,14.56,14.57,14.58,14.59,14.6,2600,300,300,2900,900,1000,1000,3800,3700,1500,2700,1600,2300,4500,7000,18700,5400,15800,18200,31500
204.0,14.51,292000,4243436.0,14.5,14.49,14.48,14.47,14.46,14.44,14.43,14.42,14.41,14.4,14.51,14.52,14.53,14.54,14.55,14.56,14.57,14.58,14.59,14.6,2600,300,300,2900,900,1000,1000,3800,3700,1500,2500,1600,1300,4500,7000,18700,5400,15800,18200,31500
205.0,14.51,292600,4252142.0,14.5,14.49,14.48,14.47,14.46,14.45,14.44,14.43,14.42,14.41,14.51,14.52,14.53,14.54,14.55,14.56,14.57,14.58,14.59,14.6,2600,300,300,2900,900,2000,1000,1000,3800,3700,1900,1600,1300,4500,7000,18700,5400,15800,18200,34500
206.0,14.51,292700,4253593.0,14.5,14.49,14.48,14.47,14.46,14.45,14.44,14.43,14.42,14.41,14.51,14.52,14.53,14.54,14.55,14.56,14.57,14.58,14.59,14.6,2600,300,300,2900,900,2000,1000,1000,3800,3700,1800,1600,1300,4500,7000,18700,5400,15800,18200,34500
207.0,14.51,292700,4253593.0,14.5,14.49,14.48,14.47,14.46,14.45,14.44,14.43,14.42,14.41,14.51,14.52,14.53,14.54,14.55,14.56,14.57,14.58,14.59,14.6,2600,300,300,2900,900,2000,1000,1000,3800,3700,1800,1600,1300,4500,7000,18700,5400,15800,18200,34800
208.0,14.51,292800,4255044.0,14.5,14.49,14.48,14.47,14.46,14.45,14.44,14.43,14.42,14.41,14.51,14.52,14.53,14.54,14.55,14.56,14.57,14.58,14.59,14.6,2600,300,300,2900,900,2000,1000,1000,3800,3700,1700,1600,1300,4500,7000,18700,5400,15800,18500,34800
209.0,14.51,292800,4255044.0,14.5,14.49,14.48,14.47,14.46,14.45,14.44,14.43,14.42,14.41,14.51,14.52,14.53,14.54,14.55,14.56,14.57,14.58,14.59,14.6,2600,300,300,2900,900,2000,1000,1000,3800,3700,4700,1600,1300,4500,7000,18700,5400,15800,18500,34800
210.0,14.5,295800,4298548.0,14.49,14.48,14.47,14.46,14.45,14.44,14.43,14.42,14.41,14.4,14.5,14.51,14.52,14.53,14.54,14.55,14.56,14.57,14.58,14.59,300,300,2900,900,2000,1000,1000,3800,3700,1500,1900,5300,1600,1300,4500,7000,18700,5400,15800,18900
211.0,14.5,295900,4299998.0,14.49,14.48,14.47,14.46,14.45,14.44,14.43,14.42,14.41,14.4,14.5,14.51,14.52,14.53,14.54,14.55,14.56,14.57,14.58,14.59,300,300,2900,900,2000,1000,1000,3800,3700,1500,1800,5300,1600,1300,4500,7000,18700,5400,15800,18900
212.0,14.5,295900,4299998.0,14.49,14.48,14.47,14.46,14.45,14.44,14.43,14.42,14.41,14.4,14.5,14.51,14.52,14.53,14.54,14.55,14.56,14.57,14.58,14.59,300,300,2900,900,2000,1000,1000,3800,3700,1500,1800,5300,1600,1300,4500,7000,18700,5400,15800,18900
213.0,14.5,296000,4301448.0,14.49,14.48,14.47,14.46,14.45,14.44,14.43,14.42,14.41,14.4,14.5,14.51,14.52,14.53,14.54,14.55,14.56,14.57,14.58,14.59,300,300,2900,900,2000,1000,1000,3800,3700,1500,1700,5400,1300,1300,4500,7000,18700,5400,15800,18900
214.0,14.5,297000,4315948.0,14.49,14.48,14.47,14.46,14.45,14.44,14.43,14.42,14.41,14.4,14.5,14.51,14.52,14.53,14.54,14.55,14.56,14.57,14.58,14.59,300,300,2900,900,2000,1000,1000,3800,3700,1500,700,5400,1300,1300,4500,7000,18700,5400,15800,18900
215.0,14.5,297000,4315948.0,14.49,14.48,14.47,14.46,14.45,14.44,14.43,14.42,14.41,14.4,14.5,14.51,14.52,14.53,14.54,14.55,14.56,14.57,14.58,14.59,300,300,2900,900,2000,1000,1000,3800,3700,1500,700,5400,1300,1300,4500,7000,18700,5400,15800,18900
216.0,14.5,297500,4323198.0,14.49,14.48,14.47,14.46,14.45,14.44,14.43,14.42,14.41,14.4,14.5,14.51,14.52,14.53,14.54,14.55,14.56,14.57,14.58,14.59,300,300,2900,900,2000,1000,1000,3800,3700,1500,200,5400,1300,1300,4500,7000,18700,5400,15800,18900
217.0,14.5,297600,4324648.0,14.49,14.48,14.47,14.46,14.45,14.44,14.43,14.42,14.41,14.4,14.5,14.51,14.52,14.53,14.54,14.55,14.56,14.57,14.58,14.59,300,300,2900,900,2000,1000,1000,3800,3700,1500,100,5400,1300,1300,4500,7000,18700,5400,15800,18900
218.0,14.5,297600,4324648.0,14.49,14.48,14.47,14.46,14.45,14.44,14.43,14.42,14.41,14.4,14.5,14.51,14.52,14.53,14.54,14.55,14.56,14.57,14.58,14.59,300,300,2900,900,2000,1000,1000,3800,3700,1500,100,5400,1300,1300,4500,7000,18700,5400,15800,18900
219.0,14.5,297600,4324648.0,14.49,14.48,14.47,14.46,14.45,14.44,14.43,14.42,14.41,14.4,14.5,14.51,14.52,14.53,14.54,14.55,14.56,14.57,14.58,14.59,300,300,2900,900,2000,1000,1000,3800,3700,1500,100,5400,1300,1300,4500,7000,18700,5400,25800,18900
220.0,14.5,297600,4324648.0,14.49,14.48,14.47,14.46,14.45,14.44,14.43,14.42,14.41,14.4,14.5,14.51,14.52,14.53,14.54,14.55,14.56,14.57,14.58,14.59,300,300,2900,900,2000,1000,1000,3800,3700,1500,100,5400,1300,1300,4500,7000,18700,5400,25800,18900
221.0,14.5,297600,4324648.0,14.49,14.48,14.47,14.46,14.45,14.44,14.43,14.42,14.41,14.4,14.5,14.51,14.52,14.53,14.54,14.55,14.56,14.57,14.58,14.59,300,300,2900,900,2000,1000,1000,3800,3700,1500,700,5400,1300,1300,4500,7000,18700,5400,25800,18900
222.0,14.5,297600,4324648.0,14.49,14.48,14.47,14.46,14.45,14.44,14.43,14.42,14.41,14.4,14.5,14.51,14.52,14.53,14.54,14.55,14.56,14.57,14.58,14.59,300,300,2900,900,2000,1000,1000,3800,3700,1500,700,5400,1300,1300,4500,7000,18700,5400,25800,18900
223.0,14.5,297600,4324648.0,14.48,14.47,14.46,14.45,14.44,14.43,14.42,14.41,14.4,14.38,14.5,14.51,14.52,14.53,14.54,14.55,14.56,14.57,14.58,14.59,300,2900,900,2000,1000,1000,3800,3700,1500,8000,1500,5400,1300,1300,4500,7000,18700,5400,25800,18900
224.0,14.5,297700,4326098.0,14.48,14.47,14.46,14.45,14.44,14.43,14.42,14.41,14.4,14.38,14.5,14.51,14.52,14.53,14.54,14.55,14.56,14.57,14.58,14.59,800,2900,900,2000,1000,1000,3800,3700,2500,8000,1900,5400,1300,1300,4500,7000,18700,5400,25800,18900
225.0,14.5,297700,4326098.0,14.48,14.47,14.46,14.45,14.44,14.43,14.42,14.41,14.4,14.38,14.5,14.51,14.52,14.53,14.54,14.55,14.56,14.57,14.58,14.59,1600,2900,900,2000,1000,1000,3800,3700,2500,8000,2700,5400,1300,1300,4500,7000,18700,5400,25800,19300
226.0,14.5,297700,4326098.0,14.48,14.47,14.46,14.45,14.44,14.43,14.42,14.41,14.4,14.38,14.5,14.51,14.52,14.53,14.54,14.55,14.56,14.57,14.58,14.59,2100,2900,900,2000,1000,1000,3800,3700,2500,8000,3200,5400,1300,1300,4500,7000,18700,5400,25800,19300
227.0,14.5,298100,4331898.0,14.48,14.47,14.46,14.45,14.44,14.43,14.42,14.41,14.4,14.38,14.5,14.51,14.52,14.53,14.54,14.55,14.56,14.57,14.58,14.59,2100,2900,900,2000,1000,1000,3800,3700,2500,8000,3400,5400,1300,1300,4500,7000,18700,5400,25800,19300
228.0,14.5,298100,4331898.0,14.48,14.47,14.46,14.45,14.44,14.43,14.42,14.41,14.4,14.38,14.5,14.51,14.52,14.53,14.54,14.55,14.56,14.57,14.58,14.59,3400,2900,900,2000,1000,1000,3800,3700,2500,8000,4100,5400,1300,1300,4500,7000,18700,5400,25800,19300
229.0,14.5,298900,4343498.0,14.48,14.47,14.46,14.45,14.44,14.43,14.42,14.41,14.4,14.38,14.5,14.51,14.52,14.53,14.54,14.55,14.56,14.57,14.58,14.59,3400,2900,900,2000,1000,1000,3800,3700,2500,8000,3300,5400,1300,1300,4500,7000,18700,5400,25800,19300
230.0,14.5,299600,4353648.0,14.48,14.47,14.46,14.45,14.44,14.43,14.42,14.41,14.4,14.38,14.5,14.51,14.52,14.53,14.54,14.55,14.56,14.57,14.58,14.59,4300,2900,900,2000,1000,1000,3800,3700,2500,8000,3500,5400,1300,1300,4500,7000,18700,5400,25800,19300
231.0,14.5,299600,4353648.0,14.48,14.47,14.46,14.45,14.44,14.43,14.42,14.41,14.4,14.38,14.5,14.51,14.52,14.53,14.54,14.55,14.56,14.57,14.58,14.59,4700,2900,900,2000,1000,1000,3800,3700,2500,8000,5000,5400,1300,1300,4500,7000,18700,5400,25800,19300
232.0,14.5,299600,4353648.0,14.48,14.47,14.46,14.45,14.44,14.43,14.42,14.41,14.4,14.38,14.5,14.51,14.52,14.53,14.54,14.55,14.56,14.57,14.58,14.59,5300,2900,900,2000,1000,1000,3800,3700,2500,8000,5600,5400,1300,2400,4500,7000,18700,5400,25800,19300
233.0,14.5,299800,4356548.0,14.48,14.47,14.46,14.45,14.44,14.43,14.42,14.41,14.4,14.38,14.5,14.51,14.52,14.53,14.54,14.55,14.56,14.57,14.58,14.59,6000,2900,900,2000,1000,1000,3900,3700,2500,8000,6100,5400,1300,2400,4500,7000,18700,5400,25800,19300
234.0,14.5,300400,4365248.0,14.48,14.47,14.46,14.45,14.44,14.43,14.42,14.41,14.4,14.38,14.5,14.51,14.52,14.53,14.54,14.55,14.56,14.57,14.58,14.59,6600,2900,900,2000,1000,1000,3900,3700,2500,8000,7100,5400,1300,2400,4500,7000,18700,5400,25800,19300
235.0,14.5,300400,4365248.0,14.48,14.47,14.46,14.45,14.44,14.43,14.42,14.41,14.4,14.38,14.5,14.51,14.52,14.53,14.54,14.55,14.56,14.57,14.58,14.59,7200,2900,500,2000,1000,1000,3900,3700,2500,8000,7700,5400,1300,2400,4500,7000,18700,5400,25800,19300
236.0,14.5,300400,4365248.0,14.48,14.47,14.46,14.45,14.44,14.43,14.42,14.41,14.4,14.38,14.5,14.51,14.52,14.53,14.54,14.55,14.56,14.57,14.58,14.59,7700,2900,500,2000,1000,1000,3900,3700,2500,8000,8200,5400,1300,2400,4500,7000,18700,5400,25800,19300
237.0,14.5,301600,4382648.0,14.48,14.47,14.46,14.45,14.44,14.43,14.42,14.41,14.4,14.38,14.5,14.51,14.52,14.53,14.54,14.55,14.56,14.57,14.58,14.59,11000,2900,500,2000,1000,1000,3900,3700,2500,8000,7600,5400,1300,2400,4500,7000,18700,5400,25800,19300
238.0,14.5,301600,4382648.0,14.48,14.47,14.46,14.45,14.44,14.43,14.42,14.41,14.4,14.38,14.5,14.51,14.52,14.53,14.54,14.55,14.56,14.57,14.58,14.59,11000,2900,500,2000,1000,1000,3900,3700,2500,8000,7600,5400,1300,2400,4500,7000,18700,5400,25800,19300
239.0,14.5,301600,4382648.0,14.48,14.47,14.46,14.45,14.44,14.43,14.42,14.41,14.4,14.38,14.5,14.51,14.52,14.53,14.54,14.55,14.56,14.57,14.58,14.59,11000,2900,500,2000,1000,1000,3900,3700,2500,8000,7600,6400,500,2400,4500,7000,18700,5400,23900,19300
240.0,14.5,301700,4384098.0,14.48,14.47,14.46,14.45,14.44,14.43,14.42,14.41,14.4,14.38,14.5,14.51,14.52,14.53,14.54,14.55,14.56,14.57,14.58,14.59,11600,2900,500,2000,1000,1000,3900,3700,2500,8000,8100,6400,500,2400,4500,7000,18700,5400,23900,19300
241.0,14.48,303900,4415992.0,14.48,14.47,14.46,14.45,14.44,14.43,14.42,14.41,14.4,14.38,14.5,14.51,14.52,14.53,14.54,14.55,14.56,14.57,14.58,14.59,11300,2900,500,2000,1000,1000,3900,3700,2500,8000,6200,6400,500,2400,4500,7000,18700,5400,23900,19300
242.0,14.48,303900,4415992.0,14.48,14.47,14.46,14.45,14.44,14.43,14.42,14.41,14.4,14.38,14.5,14.51,14.52,14.53,14.54,14.55,14.56,14.57,14.58,14.59,11800,2900,500,2000,1000,1000,3900,3700,2500,8000,6700,6400,500,2400,4500,7000,18700,5400,23900,19300
243.0,14.48,303900,4415992.0,14.48,14.47,14.46,14.45,14.44,14.43,14.42,14.41,14.4,14.38,14.5,14.51,14.52,14.53,14.54,14.55,14.56,14.57,14.58,14.59,11800,2900,500,2000,1000,1000,3900,3700,2500,8000,6700,6400,500,2400,4500,7000,18700,5400,23900,19300
244.0,14.5,305100,4433392.0,14.48,14.47,14.46,14.45,14.44,14.43,14.42,14.41,14.4,14.38,14.49,14.5,14.51,14.52,14.53,14.54,14.55,14.56,14.57,14.58,12100,2900,500,2000,1000,1000,3900,3700,2500,8000,800,10600,6400,500,2400,4500,7000,18700,5400,23900
245.0,14.48,306100,4447872.0,14.48,14.47,14.46,14.45,14.44,14.43,14.42,14.41,14.4,14.38,14.49,14.5,14.51,14.52,14.53,14.54,14.55,14.56,14.57,14.58,11100,2900,500,2000,1000,1000,3900,3700,2500,8000,800,12500,6400,500,2400,4500,7000,18700,5400,23900
246.0,14.48,306100,4447872.0,14.48,14.47,14.46,14.45,14.44,14.43,14.42,14.41,14.4,14.38,14.49,14.5,14.51,14.52,14.53,14.54,14.55,14.56,14.57,14.58,11100,2900,500,2000,1000,1000,3900,3700,2500,8000,800,12500,6400,500,2400,4500,7000,18700,5400,23900
247.0,14.48,306400,4452216.0,14.48,14.47,14.46,14.45,14.44,14.43,14.42,14.41,14.4,14.38,14.49,14.5,14.51,14.52,14.53,14.54,14.55,14.56,14.57,14.58,10800,2900,500,2000,1000,1000,3900,3700,2500,8000,800,12500,6400,500,2400,4500,7000,18700,5400,23900
248.0,14.48,306600,4455112.0,14.48,14.47,14.46,14.45,14.44,14.43,14.42,14.41,14.4,14.38,14.49,14.5,14.51,14.52,14.53,14.54,14.55,14.56,14.57,14.58,10600,2900,500,2000,1000,1000,3900,3700,2500,8000,800,12500,6400,500,2400,4500,7000,18700,5400,23900
249.0,14.48,306900,4459456.0,14.48,14.47,14.46,14.45,14.44,14.43,14.42,14.41,14.4,14.38,14.49,14.5,14.51,14.52,14.53,14.54,14.55,14.56,14.57,14.58,10300,2900,500,2000,1000,1000,3900,3700,2500,8000,800,12500,6400,500,2400,4500,7000,18700,5400,23900
250.0,14.48,306900,4459456.0,14.48,14.47,14.46,14.45,14.44,14.43,14.42,14.41,14.4,14.38,14.49,14.5,14.51,14.52,14.53,14.54,14.55,14.56,14.57,14.58,10300,2900,500,2000,1000,1000,3900,3700,2500,8000,800,12500,6400,500,2400,4500,7000,18700,5400,23900
251.0,14.48,306900,4459456.0,14.48,14.47,14.46,14.45,14.44,14.43,14.42,14.41,14.4,14.38,14.49,14.5,14.51,14.52,14.53,14.54,14.55,14.56,14.57,14.58,11300,2900,500,2000,1000,1000,3900,3700,2500,8000,800,12500,6400,400,2400,4500,7000,18700,5400,23900
252.0,14.49,307000,4460905.0,14.48,14.47,14.46,14.45,14.44,14.43,14.42,14.41,14.4,14.38,14.49,14.5,14.51,14.52,14.53,14.54,14.55,14.56,14.57,14.58,11500,2900,500,2000,1000,1000,3900,3700,2500,8000,700,12500,6400,400,2400,4500,7000,18700,5400,23900
253.0,14.49,307000,4460905.0,14.48,14.47,14.46,14.45,14.44,14.43,14.42,14.41,14.4,14.38,14.49,14.5,14.51,14.52,14.53,14.54,14.55,14.56,14.57,14.58,11500,2900,500,2000,1000,1000,3900,3700,2500,8000,700,12400,6400,400,2400,4500,7000,18700,5400,23900
254.0,14.49,307000,4460905.0,14.48,14.47,14.46,14.45,14.44,14.43,14.42,14.41,14.4,14.38,14.49,14.5,14.51,14.52,14.53,14.54,14.55,14.56,14.57,14.58,11500,2900,500,2000,1000,1000,3900,3700,2500,8000,700,12400,6400,400,2400,4500,7000,18700,5400,23900
255.0,14.49,307100,4462354.0,14.48,14.47,14.46,14.45,14.44,14.43,14.42,14.41,14.4,14.38,14.49,14.5,14.51,14.52,14.53,14.54,14.55,14.56,14.57,14.58,11500,2900,500,2500,1000,1000,3900,3700,2500,8000,600,12400,6400,500,2400,4500,7000,18700,5400,23900
256.0,14.49,307100,4462354.0,14.48,14.47,14.46,14.45,14.44,14.43,14.42,14.41,14.4,14.38,14.49,14.5,14.51,14.52,14.53,14.54,14.55,14.56,14.57,14.58,12500,2900,500,2500,1000,1000,3900,3700,2500,8000,600,12400,6300,500,2400,4500,7000,18700,5400,23900
257.0,14.49,307100,4462354.0,14.48,14.47,14.46,14.45,14.44,14.43,14.42,14.41,14.4,14.38,14.49,14.5,14.51,14.52,14.53,14.54,14.55,14.56,14.57,14.58,12500,2900,500,2500,1000,1000,3900,3700,2500,8000,600,12400,6300,500,2400,4500,7000,18700,5400,23900
258.0,14.49,307700,4471048.0,14.49,14.48,14.47,14.46,14.45,14.44,14.43,14.42,14.41,14.4,14.5,14.51,14.52,14.53,14.54,14.55,14.56,14.57,14.58,14.59,2100,12500,2900,500,2500,1000,1000,3900,3700,2500,12400,6300,500,2400,4500,7000,18700,5400,23900,19300
259.0,14.5,308900,4488443.0,14.49,14.48,14.47,14.46,14.45,14.44,14.43,14.42,14.41,14.4,14.5,14.51,14.52,14.53,14.54,14.55,14.56,14.57,14.58,14.59,1600,12500,2900,500,2500,1000,1000,3900,3700,2500,11700,6300,500,2400,4500,7000,18700,5400,23900,19300
260.0,14.5,308900,4488443.0,14.49,14.48,14.47,14.46,14.45,14.44,14.43,14.42,14.41,14.4,14.5,14.51,14.52,14.53,14.54,14.55,14.56,14.57,14.58,14.59,1600,12500,2900,500,2500,1000,1000,3900,3700,2500,11700,6300,500,2400,4500,7000,18700,5400,23900,19300
261.0,14.5,313500,4555143.0,14.49,14.48,14.47,14.46,14.45,14.44,14.43,14.42,14.41,14.4,14.5,14.51,14.52,14.53,14.54,14.55,14.56,14.57,14.58,14.59,5300,12500,2900,500,2500,1000,1000,3900,3700,2500,7100,6300,500,2400,4500,7000,18700,5400,23900,19300
262.0,14.5,315400,4582693.0,14.49,14.48,14.47,14.46,14.45,14.44,14.43,14.42,14.41,14.4,14.5,14.51,14.52,14.53,14.54,14.55,14.56,14.57,14.58,14.59,5300,12500,2900,500,2500,1000,1000,3900,3700,2500,3300,6300,400,2400,4500,7000,18700,5400,23900,19300
263.0,14.5,318700,4630543.0,14.5,14.49,14.48,14.47,14.46,14.45,14.44,14.43,14.42,14.41,14.51,14.52,14.53,14.54,14.55,14.56,14.57,14.58,14.59,14.6,1800,5300,12500,2900,500,2500,1000,1000,3900,3700,6300,400,2400,4500,7000,18700,5400,23900,19300,37000
264.0,14.51,320200,4652308.0,14.5,14.49,14.48,14.47,14.46,14.45,14.44,14.43,14.42,14.41,14.51,14.52,14.53,14.54,14.55,14.56,14.57,14.58,14.59,14.6,1800,5300,12500,2900,500,2500,1000,1000,3900,3700,4800,400,2400,4500,7000,18700,5400,23900,19300,37000
265.0,14.51,320700,4659563.0,14.5,14.49,14.48,14.47,14.46,14.45,14.44,14.43,14.42,14.41,14.51,14.52,14.53,14.54,14.55,14.56,14.57,14.58,14.59,14.6,2500,5300,12500,2900,500,2500,1000,1000,3900,3700,4300,400,2400,4500,7000,18700,5400,23900,19300,37000
266.0,14.51,321300,4668269.0,14.5,14.49,14.48,14.47,14.46,14.45,14.44,14.43,14.42,14.41,14.51,14.52,14.53,14.54,14.55,14.56,14.57,14.58,14.59,14.6,2500,5300,12500,2900,500,2500,1000,1000,3900,3700,3700,400,2400,4500,7000,18700,5400,23900,19300,37000
267.0,14.5,322800,4690019.0,14.5,14.49,14.48,14.47,14.46,14.45,14.44,14.43,14.42,14.41,14.51,14.52,14.53,14.54,14.55,14.56,14.57,14.58,14.59,14.6,1000,5300,12500,2900,500,2500,1000,1000,3900,3700,3700,400,2400,4500,7000,18700,5400,23900,19300,37000
268.0,14.51,323200,4695823.0,14.5,14.49,14.48,14.47,14.46,14.45,14.44,14.43,14.42,14.41,14.51,14.52,14.53,14.54,14.55,14.56,14.57,14.58,14.59,14.6,2000,5300,12500,2900,500,2500,1000,1000,3900,3700,3300,400,2400,4500,7000,18700,5400,23900,19300,37000
269.0,14.5,323600,4701623.0,14.5,14.49,14.48,14.47,14.46,14.45,14.44,14.43,14.42,14.41,14.51,14.52,14.53,14.54,14.55,14.56,14.57,14.58,14.59,14.6,2100,5300,12500,2900,500,2500,1000,1000,3900,3700,3300,400,2400,4500,7000,18700,5400,23900,19300,37000
270.0,14.51,323700,4703074.0,14.5,14.49,14.48,14.47,14.46,14.45,14.44,14.43,14.42,14.41,14.51,14.52,14.53,14.54,14.55,14.56,14.57,14.58,14.59,14.6,2100,5000,12500,2900,500,2500,1000,1000,3900,3700,3200,400,2400,4500,7000,18700,5400,23900,19300,37000
271.0,14.51,327400,4756761.0,14.51,14.5,14.49,14.48,14.47,14.46,14.45,14.44,14.43,14.42,14.52,14.53,14.54,14.55,14.56,14.57,14.58,14.59,14.6,14.61,10000,2100,5000,12500,2900,500,2500,1000,1000,3900,400,2400,4500,7000,18700,3900,23900,19300,37000,1000
272.0,14.51,327900,4764016.0,14.51,14.5,14.49,14.48,14.47,14.46,14.45,14.44,14.43,14.42,14.52,14.53,14.54,14.55,14.56,14.57,14.58,14.59,14.6,14.61,10000,2100,5000,12500,2900,500,2500,1000,1000,3900,400,2400,4500,7000,18700,3900,23900,19300,37000,1000
273.0,14.51,327900,4764016.0,14.51,14.5,14.49,14.48,14.47,14.46,14.45,14.44,14.43,14.42,14.52,14.53,14.54,14.55,14.56,14.57,14.58,14.59,14.6,14.61,10000,2100,5000,12500,2900,500,2500,1000,1000,3900,400,2400,4500,7000,18700,3900,23900,19300,37000,1000
274.0,14.51,327900,4764016.0,14.51,14.5,14.49,14.48,14.47,14.46,14.45,14.44,14.43,14.42,14.52,14.53,14.54,14.55,14.56,14.57,14.58,14.59,14.6,14.61,10100,2100,5000,12500,2900,500,2500,1000,1000,3900,400,2400,4500,7000,18700,3900,23900,19300,37000,1000
275.0,14.51,327900,4764016.0,14.51,14.5,14.49,14.48,14.47,14.46,14.45,14.44,14.43,14.42,14.52,14.53,14.54,14.55,14.56,14.57,14.58,14.59,14.6,14.61,10100,2100,5000,12500,2900,500,2500,1000,1000,3900,400,2400,4500,7000,18700,3900,23900,19300,37000,1000
276.0,14.52,329200,4782883.0,14.52,14.51,14.5,14.49,14.48,14.47,14.46,14.45,14.44,14.43,14.53,14.54,14.55,14.56,14.57,14.58,14.59,14.6,14.61,14.62,100,9200,2100,4200,12500,2900,500,2500,1000,1000,2400,4500,7000,18700,3900,23900,19300,37800,1000,4700
277.0,14.51,329700,4790139.0,14.52,14.51,14.5,14.49,14.48,14.47,14.46,14.45,14.44,14.43,14.53,14.54,14.55,14.56,14.57,14.58,14.59,14.6,14.61,14.62,500,8800,1500,4200,12500,2900,500,2500,1000,1000,2400,4500,7000,18700,3900,23900,19300,37800,1000,4700
278.0,14.53,329900,4793045.0,14.52,14.51,14.5,14.49,14.48,14.47,14.46,14.45,14.44,14.43,14.53,14.54,14.55,14.56,14.57,14.58,14.59,14.6,14.61,14.62,500,8800,1500,4200,12500,2900,500,2500,1000,1000,2200,4500,7000,18700,3900,23900,19300,37800,1000,4700
279.0,14.51,333600,4846743.0,14.51,14.5,14.49,14.48,14.47,14.46,14.45,14.44,14.43,14.42,14.53,14.54,14.55,14.56,14.57,14.58,14.59,14.6,14.61,14.62,6000,5700,4200,12500,2900,500,2500,1000,1000,3900,1900,4500,7000,18700,3900,23900,19300,37800,1000,4700
280.0,14.51,333600,4846743.0,14.51,14.5,14.49,14.48,14.47,14.46,14.45,14.44,14.43,14.42,14.53,14.54,14.55,14.56,14.57,14.58,14.59,14.6,14.61,14.62,6000,5200,4200,12500,2900,500,2500,1000,1000,3900,1900,4500,7000,18700,3900,23900,19300,37800,1000,4700
281.0,14.53,333700,4848196.0,14.51,14.5,14.49,14.48,14.47,14.46,14.45,14.44,14.43,14.42,14.53,14.54,14.55,14.56,14.57,14.58,14.59,14.6,14.61,14.62,6300,5200,4000,13000,2900,500,2500,1000,1000,3900,2100,4500,7000,18700,3900,23900,19000,37800,1000,4700
282.0,14.52,334000,4852554.0,14.52,14.51,14.5,14.49,14.48,14.47,14.46,14.45,14.44,14.43,14.53,14.54,14.55,14.56,14.57,14.58,14.59,14.6,14.61,14.62,900,6700,5200,4000,13000,2900,500,2500,1000,1000,2300,4500,7000,18700,3900,23900,19000,37800,1000,4700
283.0,14.52,337200,4899021.0,14.51,14.5,14.49,14.48,14.47,14.46,14.45,14.44,14.43,14.42,14.52,14.53,14.54,14.55,14.56,14.57,14.58,14.59,14.6,14.61,6700,5200,4000,13000,2900,500,2500,1000,1000,3900,2100,2000,4500,7000,18700,3900,23900,19000,37800,1000
284.0,14.52,337200,4899021.0,14.51,14.5,14.49,14.48,14.47,14.46,14.45,14.44,14.43,14.42,14.52,14.53,14.54,14.55,14.56,14.57,14.58,14.59,14.6,14.61,6700,5200,4000,13000,2900,500,2500,1000,1000,3900,3100,2000,4500,7000,18700,3900,23900,19000,37800,1000
285.0,14.51,338100,4912083.0,14.51,14.5,14.49,14.48,14.47,14.46,14.45,14.44,14.43,14.42,14.52,14.53,14.54,14.55,14.56,14.57,14.58,14.59,14.6,14.61,6300,5200,3800,13000,2900,500,2500,1000,1000,3900,2800,2000,4500,7000,18700,3900,23900,19000,37800,1000
286.0,14.52,340900,4952739.0,14.51,14.5,14.49,14.48,14.47,14.46,14.45,14.44,14.43,14.42,14.53,14.54,14.55,14.56,14.57,14.58,14.59,14.6,14.61,14.62,6300,5200,3800,13000,2900,500,2500,1000,1000,3900,2000,4500,7000,18700,3900,23900,19000,37800,1000,4700
287.0,14.53,341300,4958551.0,14.52,14.51,14.5,14.49,14.48,14.47,14.46,14.45,14.44,14.43,14.53,14.54,14.55,14.56,14.57,14.58,14.59,14.6,14.61,14.62,1100,7200,6200,3800,13000,2900,500,2500,1000,1000,1600,4500,7000,18700,3900,23900,19000,37800,1000,4700
288.0,14.53,341400,4960004.0,14.52,14.51,14.5,14.49,14.48,14.47,14.46,14.45,14.44,14.43,14.53,14.54,14.55,14.56,14.57,14.58,14.59,14.6,14.61,14.62,1500,9800,6200,3800,13000,2900,500,2500,1000,1000,700,4500,4700,18700,3900,23900,19000,37800,1000,4700
289.0,14.53,341600,4962909.0,14.52,14.51,14.5,14.49,14.48,14.47,14.46,14.45,14.44,14.43,14.53,14.54,14.55,14.56,14.57,14.58,14.59,14.6,14.61,14.62,1400,9800,6200,3800,13000,2900,500,2500,1000,1000,600,4500,4700,18700,3900,23900,19000,37800,1000,4700
290.0,14.53,341900,4967268.0,14.52,14.51,14.5,14.49,14.48,14.47,14.46,14.45,14.44,14.43,14.53,14.54,14.55,14.56,14.57,14.58,14.59,14.6,14.61,14.62,1400,9600,6200,3800,13000,2900,500,2500,1000,1000,300,4500,4700,18700,3900,23900,19000,37800,1000,4700
291.0,14.53,341900,4967268.0,14.52,14.51,14.5,14.49,14.48,14.47,14.46,14.45,14.44,14.43,14.53,14.54,14.55,14.56,14.57,14.58,14.59,14.6,14.61,14.62,1400,9600,6200,3800,13000,2900,500,2500,1000,1000,300,4500,4700,18700,3900,23900,19000,37800,1000,4700
292.0,14.53,341900,4967268.0,14.52,14.51,14.5,14.49,14.48,14.47,14.46,14.45,14.44,14.43,14.53,14.54,14.55,14.56,14.57,14.58,14.59,14.6,14.61,14.62,1400,9600,6200,3800,13000,2900,500,2500,1000,1000,300,4500,4700,18700,3900,23900,19000,37800,1000,4700
293.0,14.53,341900,4967268.0,14.52,14.51,14.5,14.49,14.48,14.47,14.46,14.45,14.44,14.43,14.53,14.54,14.55,14.56,14.57,14.58,14.59,14.6,14.61,14.62,1400,10700,6200,3800,12000,2900,500,2500,1000,1000,300,4500,4700,18700,3900,23900,19000,37800,1000,4700
294.0,14.53,341900,4967268.0,14.52,14.51,14.5,14.49,14.48,14.47,14.46,14.45,14.44,14.43,14.53,14.54,14.55,14.56,14.57,14.58,14.59,14.6,14.61,14.62,1400,10700,4500,3800,12000,2900,500,2500,1000,1000,300,4500,4700,18700,3500,23900,19000,37800,1000,4700
295.0,14.54,344900,5010885.0,14.52,14.51,14.5,14.49,14.48,14.47,14.46,14.45,14.44,14.43,14.54,14.55,14.56,14.57,14.58,14.59,14.6,14.61,14.62,14.63,1400,10700,5100,3800,12000,2900,500,2500,1000,1000,1800,4700,18700,3500,23900,19000,37800,1000,4700,200
296.0,14.52,346200,5029765.0,14.52,14.51,14.5,14.49,14.48,14.47,14.46,14.45,14.44,14.43,14.54,14.55,14.56,14.57,14.58,14.59,14.6,14.61,14.62,14.63,600,10700,5100,3800,12000,2900,500,2500,1000,1000,1900,4700,18700,3500,23900,19000,37800,1000,4700,200
297.0,14.52,346200,5029765.0,14.52,14.51,14.5,14.49,14.48,14.47,14.46,14.45,14.44,14.43,14.54,14.55,14.56,14.57,14.58,14.59,14.6,14.61,14.62,14.63,800,10700,5100,3800,12000,2900,500,2500,1000,1000,2100,4700,18700,3500,23900,19000,37800,1000,4700,200
298.0,14.52,346200,5029765.0,14.52,14.51,14.5,14.49,14.48,14.47,14.46,14.45,14.44,14.43,14.54,14.55,14.56,14.57,14.58,14.59,14.6,14.61,14.62,14.63,800,10700,5100,3800,12000,2900,500,2500,1000,1000,2100,4700,18700,3500,23900,19000,37800,1000,4700,200
299.0,14.52,348500,5063173.0,14.51,14.5,14.49,14.48,14.47,14.46,14.45,14.44,14.43,14.42,14.52,14.54,14.55,14.56,14.57,14.58,14.59,14.6,14.61,14.62,10700,5100,3800,12000,2900,500,2500,1000,1000,3900,1400,2000,800,18700,3500,23900,19000,37800,1000,4700
300.0,14.52,348500,5063173.0,14.51,14.5,14.49,14.48,14.47,14.46,14.45,14.44,14.43,14.42,14.52,14.54,14.55,14.56,14.57,14.58,14.59,14.6,14.61,14.62,10700,5100,3800,12000,2900,500,2500,1000,1000,3900,1400,2000,800,18700,3500,23900,19000,37800,1000,4700
301.0,14.52,348500,5063173.0,14.51,14.5,14.49,14.48,14.47,14.46,14.45,14.44,14.43,14.42,14.52,14.54,14.55,14.56,14.57,14.58,14.59,14.6,14.61,14.62,10700,5100,3800,12000,2900,500,2500,1000,1000,3900,1400,2000,800,18700,3500,23900,19000,37800,1000,4700
302.0,14.52,349900,5083501.0,14.52,14.51,14.5,14.49,14.48,14.47,14.46,14.45,14.44,14.43,14.54,14.55,14.56,14.57,14.58,14.59,14.6,14.61,14.62,14.63,1400,10700,5100,3800,12000,2900,500,2500,1000,1000,2500,800,18700,3500,23900,19000,37800,1000,4700,200
303.0,14.52,349900,5083501.0,14.52,14.51,14.5,14.49,14.48,14.47,14.46,14.45,14.44,14.43,14.54,14.55,14.56,14.57,14.58,14.59,14.6,14.61,14.62,14.63,1700,10700,5100,3800,12000,2900,500,2500,1000,1000,3000,800,18700,3500,23900,19000,37800,1000,4700,200
304.0,14.54,350200,5087863.0,14.52,14.51,14.5,14.49,14.48,14.47,14.46,14.45,14.44,14.43,14.54,14.55,14.56,14.57,14.58,14.59,14.6,14.61,14.62,14.63,1900,10700,5100,3800,12000,2900,500,2500,1000,1000,2900,900,18700,3500,23900,19000,37800,1000,4700,200
305.0,14.54,350200,5087863.0,14.52,14.51,14.5,14.49,14.48,14.47,14.46,14.45,14.44,14.43,14.53,14.54,14.55,14.56,14.57,14.58,14.59,14.6,14.61,14.62,1900,10700,5100,3800,12000,2900,500,2500,1000,1000,700,4000,900,18700,3500,23900,19000,37800,1000,4700
306.0,14.53,350300,5089316.0,14.52,14.51,14.5,14.49,14.48,14.47,14.46,14.45,14.44,14.43,14.53,14.54,14.55,14.56,14.57,14.58,14.59,14.6,14.61,14.62,1900,10700,5100,3800,12000,2900,500,2500,1000,1000,600,4000,900,18700,3500,23900,19000,37700,1000,4700
307.0,14.53,350300,5089316.0,14.52,14.51,14.5,14.49,14.48,14.47,14.46,14.45,14.44,14.43,14.53,14.54,14.55,14.56,14.57,14.58,14.59,14.6,14.61,14.62,1900,10700,5100,3800,12000,2900,500,2500,1000,1000,600,4000,900,18700,3500,23900,19000,37700,1000,4700
308.0,14.53,351900,5112564.0,14.53,14.52,14.51,14.5,14.49,14.48,14.47,14.46,14.45,14.44,14.54,14.55,14.56,14.57,14.58,14.59,14.6,14.61,14.62,14.63,300,1900,10700,5100,3800,12000,2900,500,2500,1000,4200,900,18700,3500,23900,19000,37700,1000,4700,200
309.0,14.53,352400,5119833.0,14.53,14.52,14.51,14.5,14.49,14.48,14.47,14.46,14.45,14.44,14.54,14.55,14.56,14.57,14.58,14.59,14.6,14.61,14.62,14.63,200,2100,10700,5100,3800,15000,2900,500,2500,1000,3800,900,18700,3500,23900,19000,37700,1000,4700,200
310.0,14.53,353200,5131464.0,14.53,14.52,14.51,14.5,14.49,14.48,14.47,14.46,14.45,14.44,14.54,14.55,14.56,14.57,14.58,14.59,14.6,14.61,14.62,14.63,200,2100,11300,5100,3800,15000,2900,500,2000,1000,3100,900,18700,3500,23900,19000,37700,1000,4700,200
311.0,14.53,353800,5140186.0,14.52,14.51,14.5,14.49,14.48,14.47,14.46,14.45,14.44,14.43,14.53,14.54,14.55,14.56,14.57,14.58,14.59,14.6,14.61,14.62,3400,10300,5100,3800,15000,2900,500,2000,1000,1000,3300,2700,900,18700,3500,23900,19000,37700,1000,4700
312.0,14.53,354100,5144545.0,14.52,14.51,14.5,14.49,14.48,14.47,14.46,14.45,14.44,14.43,14.53,14.54,14.55,14.56,14.57,14.58,14.59,14.6,14.61,14.62,3400,10300,5100,3800,15000,2900,500,2000,1000,1000,3000,2700,900,18700,3500,23900,19000,37700,1000,4700
313.0,14.53,354100,5144545.0,14.52,14.51,14.5,14.49,14.48,14.47,14.46,14.45,14.44,14.43,14.53,14.54,14.55,14.56,14.57,14.58,14.59,14.6,14.61,14.62,3400,10300,5100,3800,15000,2900,500,2000,1000,1000,3000,2700,900,18700,3500,23900,19000,37700,1000,4700
314.0,14.53,354100,5144545.0,14.52,14.51,14.5,14.49,14.48,14.47,14.46,14.45,14.44,14.43,14.53,14.54,14.55,14.56,14.57,14.58,14.59,14.6,14.61,14.62,3400,10300,5100,3800,15000,2900,500,2000,1000,1000,3000,2700,900,18700,3500,23900,19000,37700,1000,4700
315.0,14.52,356100,5173585.0,14.52,14.51,14.5,14.49,14.48,14.47,14.46,14.45,14.44,14.43,14.53,14.54,14.55,14.56,14.57,14.58,14.59,14.6,14.61,14.62,1400,10300,5100,3800,15000,2900,500,2000,1000,1000,3000,2700,1000,18700,3500,23900,19000,37700,1000,4700
316.0,14.53,356400,5177944.0,14.52,14.51,14.5,14.49,14.48,14.47,14.46,14.45,14.44,14.43,14.53,14.54,14.55,14.56,14.57,14.58,14.59,14.6,14.61,14.62,1400,10300,4800,3800,15000,2900,500,2000,1000,1000,2700,2700,1000,18700,3500,23900,19000,37700,1000,4700
317.0,14.53,356400,5177944.0,14.52,14.51,14.5,14.49,14.48,14.47,14.46,14.45,14.44,14.43,14.53,14.54,14.55,14.56,14.57,14.58,14.59,14.6,14.61,14.62,1400,10300,4800,3800,15000,2900,500,2000,1000,1000,2700,2700,1000,18700,3500,23900,19000,37700,1000,4700
318.0,14.53,356400,5177944.0,14.52,14.51,14.5,14.49,14.48,14.47,14.46,14.45,14.44,14.43,14.53,14.54,14.55,14.56,14.57,14.58,14.59,14.6,14.61,14.62,1400,10000,4900,3800,15000,2900,500,2000,1000,1000,2700,2700,1000,18700,3500,23900,19000,37700,1000,4700
319.0,14.53,356800,5183756.0,14.52,14.51,14.5,14.49,14.48,14.47,14.46,14.45,14.44,14.43,14.53,14.54,14.55,14.56,14.57,14.58,14.59,14.6,14.61,14.62,1400,10000,4900,3800,15000,2900,500,2000,1000,1000,2300,2700,1000,18700,3500,23900,19000,37700,1000,4700
320.0,14.53,356800,5183756.0,14.52,14.51,14.5,14.49,14.48,14.47,14.46,14.45,14.44,14.43,14.53,14.54,14.55,14.56,14.57,14.58,14.59,14.6,14.61,14.62,1400,9900,4900,3800,15000,2900,500,2000,1000,1000,2300,2700,1000,18700,3500,23900,19000,37700,1000,4700
321.0,14.53,356900,5185209.0,14.52,14.51,14.5,14.49,14.48,14.47,14.46,14.45,14.44,14.43,14.53,14.54,14.55,14.56,14.57,14.58,14.59,14.6,14.61,14.62,1400,9900,4900,3800,15000,2900,500,2000,1000,1000,2200,2700,1000,18700,3500,23900,19000,37700,1000,4700
322.0,14.52,357500,5193925.0,14.52,14.51,14.5,14.49,14.48,14.47,14.46,14.45,14.44,14.43,14.53,14.54,14.55,14.56,14.57,14.58,14.59,14.6,14.61,14.62,1200,9800,4900,3800,15000,2900,500,2000,1000,1000,1800,2700,1000,18700,3500,23900,19000,37700,1000,4700
323.0,14.53,357600,5195378.0,14.52,14.51,14.5,14.49,14.48,14.47,14.46,14.45,14.44,14.43,14.53,14.54,14.55,14.56,14.57,14.58,14.59,14.6,14.61,14.62,1200,9800,4900,3800,15000,2900,500,2000,1000,1000,1700,2700,1000,18700,3500,23900,19000,37700,1000,4700
324.0,14.52,357700,5196830.0,14.52,14.51,14.5,14.49,14.48,14.47,14.46,14.45,14.44,14.43,14.53,14.54,14.55,14.56,14.57,14.58,14.59,14.6,14.61,14.62,1100,9800,4900,3800,15000,2900,500,2000,1000,1000,1700,2700,3000,18700,3500,23900,19000,37700,1000,4700
325.0,14.52,358600,5209899.0,14.52,14.51,14.5,14.49,14.48,14.47,14.46,14.45,14.44,14.43,14.53,14.54,14.55,14.56,14.57,14.58,14.59,14.6,14.61,14.62,300,9800,4900,3800,15000,2900,500,2000,1000,1000,1600,2700,3000,18700,3500,24900,19000,37700,1000,4700
326.0,14.53,358800,5212805.0,14.52,14.51,14.5,14.49,14.48,14.47,14.46,14.45,14.44,14.43,14.53,14.54,14.55,14.56,14.57,14.58,14.59,14.6,14.61,14.62,300,9700,4900,3800,15000,2900,500,2000,1000,1000,1400,2700,3000,18700,3500,24900,19000,37700,1000,4700
327.0,14.53,358800,5212805.0,14.52,14.51,14.5,14.49,14.48,14.47,14.46,14.45,14.44,14.43,14.53,14.54,14.55,14.56,14.57,14.58,14.59,14.6,14.61,14.62,300,9700,4900,3800,15000,2900,500,2000,1000,1000,1400,2700,3000,18700,3500,24900,19000,37700,1000,4700
328.0,14.53,358800,5212805.0,14.52,14.51,14.5,14.49,14.48,14.47,14.46,14.45,14.44,14.43,14.53,14.54,14.55,14.56,14.57,14.58,14.59,14.6,14.61,14.62,300,9700,4900,3800,15000,2900,500,2000,1000,1000,1400,2700,3000,18700,3500,24900,19000,37700,1000,4700
329.0,14.53,358900,5214258.0,14.52,14.51,14.5,14.49,14.48,14.47,14.46,14.45,14.44,14.43,14.53,14.54,14.55,14.56,14.57,14.58,14.59,14.6,14.61,14.62,300,9700,4900,3800,15000,2900,500,2000,1000,1000,1300,2700,3000,18700,3500,24900,19000,37700,1000,4700
330.0,14.52,362800,5270851.0,14.52,14.51,14.5,14.49,14.48,14.47,14.46,14.45,14.44,14.43,14.53,14.54,14.55,14.56,14.57,14.58,14.59,14.6,14.61,14.62,300,6200,4900,3800,15000,2900,500,2000,1000,1000,1300,2700,8300,18700,3500,24900,19000,37700,1000,4700
331.0,14.52,363100,5275207.0,14.51,14.5,14.49,14.48,14.47,14.46,14.45,14.44,14.43,14.42,14.52,14.53,14.54,14.55,14.56,14.57,14.58,14.59,14.6,14.61,6200,5000,3800,15000,2900,500,2000,1000,1000,3900,1400,1300,2700,8300,18700,3500,24900,19000,37700,1000
332.0,14.52,363300,5278111.0,14.51,14.5,14.49,14.48,14.47,14.46,14.45,14.44,14.43,14.42,14.52,14.53,14.54,14.55,14.56,14.57,14.58,14.59,14.6,14.61,6200,6000,3800,15000,2900,500,2000,1000,1000,3900,5300,1300,2700,8300,18700,3500,24900,19000,37700,1000
333.0,14.52,363400,5279563.0,14.51,14.5,14.49,14.48,14.47,14.46,14.45,14.44,14.43,14.42,14.52,14.53,14.54,14.55,14.56,14.57,14.58,14.59,14.6,14.61,6200,6000,3800,15000,2900,500,2000,1000,1000,3900,5200,1300,2700,8300,18700,3500,24900,18400,37700,1000
334.0,14.52,364900,5301343.0,14.51,14.5,14.49,14.48,14.47,14.46,14.45,14.44,14.43,14.42,14.52,14.53,14.54,14.55,14.56,14.57,14.58,14.59,14.6,14.61,6200,6100,3800,15000,2900,500,2000,1000,1000,3900,3700,1300,2700,8300,18700,3500,24900,18400,37700,1000
335.0,14.51,365400,5308602.0,14.51,14.5,14.49,14.48,14.47,14.46,14.45,14.44,14.43,14.42,14.52,14.53,14.54,14.55,14.56,14.57,14.58,14.59,14.6,14.61,6200,6200,3800,15000,2900,500,2000,1000,1000,3900,3300,1300,2700,8300,18700,3500,24900,18400,37700,1000
336.0,14.51,365400,5308602.0,14.51,14.5,14.49,14.48,14.47,14.46,14.45,14.44,14.43,14.42,14.52,14.53,14.54,14.55,14.56,14.57,14.58,14.59,14.6,14.61,6200,6200,3800,15000,2900,500,2000,1000,1000,3900,3300,1300,2700,8300,18700,3500,24900,18400,37700,1000
337.0,14.51,365400,5308602.0,14.51,14.5,14.49,14.48,14.47,14.46,14.45,14.44,14.43,14.42,14.52,14.53,14.54,14.55,14.56,14.57,14.58,14.59,14.6,14.61,6200,6200,3800,15000,2900,500,2000,1000,1000,3900,3300,1300,2700,8300,18700,3500,24900,18400,37700,1000
338.0,14.51,365500,5310053.0,14.51,14.5,14.49,14.48,14.47,14.46,14.45,14.44,14.43,14.42,14.52,14.53,14.54,14.55,14.56,14.57,14.58,14.59,14.6,14.61,6200,6200,3800,15000,2900,500,2000,1000,1000,3900,3300,1300,2700,8300,18700,3500,24900,18400,37700,1000
339.0,14.51,365500,5310053.0,14.51,14.5,14.49,14.48,14.47,14.46,14.45,14.44,14.43,14.42,14.52,14.53,14.54,14.55,14.56,14.57,14.58,14.59,14.6,14.61,6300,6200,3800,15000,2900,500,2000,1000,1000,3900,3300,1300,2700,8300,18700,3500,24900,18400,37700,1000
340.0,14.52,365600,5311505.0,14.51,14.5,14.49,14.48,14.47,14.46,14.45,14.44,14.43,14.42,14.52,14.53,14.54,14.55,14.56,14.57,14.58,14.59,14.6,14.61,6300,6200,3800,15000,2900,500,2000,1000,1000,3900,3200,1300,2700,8300,18700,3500,24900,18400,37700,1000
341.0,14.51,367200,5334727.0,14.51,14.5,14.49,14.48,14.47,14.46,14.45,14.44,14.43,14.42,14.52,14.53,14.54,14.55,14.56,14.57,14.58,14.59,14.6,14.61,5300,6300,3800,15000,2900,500,2000,1000,1000,3900,2600,1300,2700,8300,18700,3500,24900,18400,37700,1000
342.0,14.51,367900,5344884.0,14.51,14.5,14.49,14.48,14.47,14.46,14.45,14.44,14.43,14.42,14.52,14.53,14.54,14.55,14.56,14.57,14.58,14.59,14.6,14.61,4600,6300,3800,15000,2900,500,2000,1000,1000,3900,2600,1300,2700,8200,18700,3500,24900,18400,37700,1000
343.0,14.51,367900,5344884.0,14.51,14.5,14.49,14.48,14.47,14.46,14.45,14.44,14.43,14.42,14.52,14.53,14.54,14.55,14.56,14.57,14.58,14.59,14.6,14.61,4600,6300,3800,15000,2900,500,2000,1000,1000,3900,2600,1300,2700,8200,18700,3500,24900,18400,37700,1000
344.0,14.52,368000,5346336.0,14.51,14.5,14.49,14.48,14.47,14.46,14.45,14.44,14.43,14.42,14.52,14.53,14.54,14.55,14.56,14.57,14.58,14.59,14.6,14.61,4700,6300,3800,15500,2900,500,2000,1000,1000,3900,2500,1300,2700,8200,18700,3500,24900,18400,37700,1000
345.0,14.52,368000,5346336.0,14.51,14.5,14.49,14.48,14.47,14.46,14.45,14.44,14.43,14.42,14.52,14.53,14.54,14.55,14.56,14.57,14.58,14.59,14.6,14.61,4700,6300,3800,15500,2900,500,2000,1000,1000,3900,14300,1300,2700,8200,18700,3500,24900,18400,37700,1000
346.0,14.51,373100,5420350.0,14.51,14.5,14.49,14.48,14.47,14.46,14.45,14.44,14.43,14.42,14.52,14.53,14.54,14.55,14.56,14.57,14.58,14.59,14.6,14.61,900,6300,3800,15600,2900,500,2000,1000,1000,3900,13000,1300,2300,8200,18700,3500,24900,18400,37700,1000
347.0,14.51,373100,5420350.0,14.51,14.5,14.49,14.48,14.47,14.46,14.45,14.44,14.43,14.42,14.52,14.53,14.54,14.55,14.56,14.57,14.58,14.59,14.6,14.61,1000,6300,3800,15600,2900,500,2000,1000,1000,3900,13000,1300,2300,8200,18700,3500,24900,18400,37700,1000
348.0,14.51,373100,5420350.0,14.51,14.5,14.49,14.48,14.47,14.46,14.45,14.44,14.43,14.42,14.52,14.53,14.54,14.55,14.56,14.57,14.58,14.59,14.6,14.61,1000,6300,3800,15600,2900,500,2000,1000,1000,3900,13000,1300,2300,8200,18700,3500,24900,18400,37700,1000
349.0,14.52,373700,5429062.0,14.51,14.5,14.49,14.48,14.47,14.46,14.45,14.44,14.43,14.42,14.52,14.53,14.54,14.55,14.56,14.57,14.58,14.59,14.6,14.61,1000,6300,3800,15600,2900,500,2000,1000,1000,3900,12400,1300,2300,8200,18700,3500,24900,18400,38000,1000
350.0,14.51,374000,5433415.0,14.51,14.5,14.49,14.48,14.47,14.46,14.45,14.44,14.43,14.42,14.52,14.53,14.54,14.55,14.56,14.57,14.58,14.59,14.6,14.61,700,6300,3800,15600,2900,500,2000,1000,1000,3900,12400,1300,2300,8200,18700,3500,24900,18400,38000,1000
351.0,14.51,374000,5433415.0,14.51,14.5,14.49,14.48,14.47,14.46,14.45,14.44,14.43,14.42,14.52,14.53,14.54,14.55,14.56,14.57,14.58,14.59,14.6,14.61,700,6300,4200,15600,2900,500,2000,1000,1000,3900,12400,3300,2300,8200,18700,3500,24900,18400,38000,1000
352.0,14.51,374000,5433415.0,14.51,14.5,14.49,14.48,14.47,14.46,14.45,14.44,14.43,14.42,14.52,14.53,14.54,14.55,14.56,14.57,14.58,14.59,14.6,14.61,700,6300,4200,15600,2900,500,2000,1000,1000,3900,12400,3300,2300,8200,18700,3500,24900,18400,38000,1000
353.0,14.51,374500,5440670.0,14.51,14.5,14.49,14.48,14.47,14.46,14.45,14.44,14.43,14.42,14.52,14.53,14.54,14.55,14.56,14.57,14.58,14.59,14.6,14.61,400,6400,4200,15600,2900,500,2000,1000,1000,3900,12400,3300,2300,8200,18700,3500,24900,18400,38000,1000
354.0,14.51,374700,5443573.0,14.51,14.5,14.49,14.48,14.47,14.46,14.45,14.44,14.43,14.42,14.52,14.53,14.54,14.55,14.56,14.57,14.58,14.59,14.6,14.61,300,6500,4200,15500,2900,500,2000,1000,1000,3900,12300,3300,2300,8200,18700,3500,24900,18400,38000,1000
355.0,14.51,374800,5445024.0,14.51,14.5,14.49,14.48,14.47,14.46,14.45,14.44,14.43,14.42,14.52,14.53,14.54,14.55,14.56,14.57,14.58,14.59,14.6,14.61,200,6600,4300,15500,2900,500,2000,1000,1000,3900,12300,3300,2300,8200,18700,3500,24900,18400,38000,1000
356.0,14.5,376600,5471138.0,14.5,14.49,14.48,14.47,14.46,14.45,14.44,14.43,14.42,14.41,14.51,14.52,14.53,14.54,14.55,14.56,14.57,14.58,14.59,14.6,6600,3900,15500,2900,500,2000,1000,1000,3900,3700,1800,11700,3300,2300,8200,18700,3500,24900,18400,38000
357.0,14.5,377500,5484191.0,14.5,14.49,14.48,14.47,14.46,14.45,14.44,14.43,14.42,14.41,14.51,14.52,14.53,14.54,14.55,14.56,14.57,14.58,14.59,14.6,6000,3900,15500,2900,500,2000,1000,1000,3900,3700,1500,11700,3300,2300,8200,17600,3500,24900,18400,38000
358.0,14.5,377700,5487091.0,14.5,14.49,14.48,14.47,14.46,14.45,14.44,14.43,14.42,14.41,14.51,14.52,14.53,14.54,14.55,14.56,14.57,14.58,14.59,14.6,6000,3900,15500,2900,500,2000,1000,1000,3900,3700,1500,11700,3300,2300,8200,17600,3500,24900,18400,38000
359.0,14.51,377900,5489992.0,14.5,14.49,14.48,14.47,14.46,14.45,14.44,14.43,14.42,14.41,14.51,14.52,14.53,14.54,14.55,14.56,14.57,14.58,14.59,14.6,5900,4100,15500,2900,500,2000,1000,1000,3900,3700,1800,13700,3300,2300,8200,17600,3500,24900,18400,38000
360.0,14.51,377900,5489992.0,14.5,14.49,14.48,14.47,14.46,14.45,14.44,14.43,14.42,14.41,14.51,14.52,14.53,14.54,14.55,14.56,14.57,14.58,14.59,14.6,5900,4200,15500,2900,500,2000,1000,1000,3900,3700,1800,13700,3300,2300,8200,17600,3500,24900,18400,38000
361.0,14.5,378400,5497242.0,14.5,14.49,14.48,14.47,14.46,14.45,14.44,14.43,14.42,14.41,14.51,14.52,14.53,14.54,14.55,14.56,14.57,14.58,14.59,14.6,5400,4200,15500,2900,500,2000,1000,1000,3900,3700,1800,13700,3300,2300,8200,17600,3500,24900,18400,38000
362.0,14.5,378400,5497242.0,14.5,14.49,14.48,14.47,14.46,14.45,14.44,14.43,14.42,14.41,14.51,14.52,14.53,14.54,14.55,14.56,14.57,14.58,14.59,14.6,5400,4300,15500,2900,500,2000,1000,1000,3900,3700,1900,13700,3300,2300,8200,17600,3500,24900,18700,38000
363.0,14.5,378800,5503043.0,14.5,14.49,14.48,14.47,14.46,14.45,14.44,14.43,14.42,14.41,14.51,14.52,14.53,14.54,14.55,14.56,14.57,14.58,14.59,14.6,5100,4300,15500,2900,500,2000,1000,1000,3900,3700,1800,13700,3300,2300,8200,17600,3500,24900,18700,38000
364.0,14.5,379900,5518993.0,14.5,14.49,14.48,14.47,14.46,14.45,14.44,14.43,14.42,14.41,14.51,14.52,14.53,14.54,14.55,14.56,14.57,14.58,14.59,14.6,5000,4300,15500,2900,500,2000,1000,1000,3900,3700,2400,13700,3300,2300,8200,17600,3500,24900,18700,38000
365.0,14.5,379900,5518993.0,14.5,14.49,14.48,14.47,14.46,14.45,14.44,14.43,14.42,14.41,14.51,14.52,14.53,14.54,14.55,14.56,14.57,14.58,14.59,14.6,5000,4300,12800,2900,500,2000,1000,1000,3900,3700,2800,13700,3300,2300,8200,17600,3500,24900,18700,38000
366.0,14.5,379900,5518993.0,14.5,14.49,14.48,14.47,14.46,14.45,14.44,14.43,14.42,14.41,14.51,14.52,14.53,14.54,14.55,14.56,14.57,14.58,14.59,14.6,5000,4300,12800,2900,500,2000,1000,1000,3900,3700,4100,13700,3400,2300,8200,17600,3500,24900,18700,38000
367.0,14.5,380500,5527698.0,14.5,14.49,14.48,14.47,14.46,14.45,14.44,14.43,14.42,14.41,14.51,14.52,14.53,14.54,14.55,14.56,14.57,14.58,14.59,14.6,4900,4300,12800,2900,500,2000,1000,1000,3900,3700,3600,13700,3400,2300,8200,17600,3500,24900,18700,38000
368.0,14.51,381200,5537855.0,14.5,14.49,14.48,14.47,14.46,14.45,14.44,14.43,14.42,14.41,14.51,14.52,14.53,14.54,14.55,14.56,14.57,14.58,14.59,14.6,4900,5300,12800,2900,500,2000,1000,1000,3900,3700,3900,13700,3400,2300,8200,17600,3500,24900,18700,38000
369.0,14.51,381300,5539306.0,14.5,14.49,14.48,14.47,14.46,14.45,14.44,14.43,14.42,14.41,14.51,14.52,14.53,14.54,14.55,14.56,14.57,14.58,14.59,14.6,4900,5400,12800,2900,500,2000,1000,1000,3900,3700,3800,13700,3400,2300,8200,17600,3500,24900,18700,38000
370.0,14.51,381600,5543659.0,14.5,14.49,14.48,14.47,14.46,14.45,14.44,14.43,14.42,14.41,14.51,14.52,14.53,14.54,14.55,14.56,14.57,14.58,14.59,14.6,4900,5300,12800,2900,500,2000,1000,1000,3900,3700,3500,13700,3400,2300,8200,17600,3500,24900,18700,38000
371.0,14.51,382200,5552365.0,14.5,14.49,14.48,14.47,14.46,14.45,14.44,14.43,14.42,14.41,14.51,14.52,14.53,14.54,14.55,14.56,14.57,14.58,14.59,14.6,4900,5400,12800,2900,500,2000,1000,1000,3900,3700,2900,13700,3400,2300,8200,17600,3500,24900,18700,38000
372.0,14.51,383300,5568316.0,14.5,14.49,14.48,14.47,14.46,14.45,14.44,14.43,14.42,14.41,14.51,14.52,14.53,14.54,14.55,14.56,14.57,14.58,14.59,14.6,3900,5400,12800,2900,500,2000,1000,1000,3900,3700,2800,13700,3400,2300,8200,17600,3500,24900,18700,38000
373.0,14.51,383300,5568316.0,14.5,14.49,14.48,14.47,14.46,14.45,14.44,14.43,14.42,14.41,14.51,14.52,14.53,14.54,14.55,14.56,14.57,14.58,14.59,14.6,4000,5400,13400,2900,500,2000,1000,1000,3900,3700,2800,13700,3400,2300,8200,17600,3500,24900,18700,38000
374.0,14.51,383300,5568316.0,14.5,14.49,14.48,14.47,14.46,14.45,14.44,14.43,14.42,14.41,14.51,14.52,14.53,14.54,14.55,14.56,14.57,14.58,14.59,14.6,4000,5400,13400,2900,500,2000,1000,1000,3900,3700,2800,13700,3400,2300,8200,17600,3500,24900,18700,38000
375.0,14.51,383400,5569767.0,14.5,14.49,14.48,14.47,14.46,14.45,14.44,14.43,14.42,14.41,14.51,14.52,14.53,14.54,14.55,14.56,14.57,14.58,14.59,14.6,4000,5400,13400,2900,500,2000,1000,1000,3900,3700,14900,13700,3400,2300,8200,17600,3500,24900,18700,38000
376.0,14.51,383400,5569767.0,14.5,14.49,14.48,14.47,14.46,14.45,14.44,14.43,14.42,14.41,14.51,14.52,14.53,14.54,14.55,14.56,14.57,14.58,14.59,14.6,4000,5400,13400,2900,500,2000,1000,1000,3900,3700,14900,13700,3400,2300,8200,17600,3500,24900,18700,38000
377.0,14.51,383400,5569767.0,14.5,14.49,14.48,14.47,14.46,14.45,14.44,14.43,14.42,14.41,14.51,14.52,14.53,14.54,14.55,14.56,14.57,14.58,14.59,14.6,4000,5400,13400,2900,500,2000,1000,1000,3900,3700,14900,13700,3400,2300,8200,17600,3500,24900,18700,38000
378.0,14.51,389100,5652402.0,14.49,14.48,14.47,14.46,14.45,14.44,14.43,14.42,14.41,14.4,14.51,14.52,14.53,14.54,14.55,14.56,14.57,14.58,14.59,14.6,3800,13400,2900,500,2000,1000,1000,3900,3700,3000,14800,13700,3400,2300,8200,17600,3500,24900,18700,38000
379.0,14.51,389700,5661108.0,14.49,14.48,14.47,14.46,14.45,14.44,14.43,14.42,14.41,14.4,14.5,14.51,14.52,14.53,14.54,14.55,14.56,14.57,14.58,14.59,3900,13400,2900,500,2000,1000,1000,3900,3700,3000,200,14300,13700,3400,2300,8200,17600,3500,24900,18700
380.0,14.49,389800,5662557.0,14.49,14.48,14.47,14.46,14.45,14.44,14.43,14.42,14.41,14.4,14.5,14.51,14.52,14.53,14.54,14.55,14.56,14.57,14.58,14.59,3800,13400,2900,500,2000,1000,1000,3900,3700,3000,2900,14300,2000,3400,2300,8200,17600,3500,24900,18700
381.0,14.5,409800,5952557.0,14.49,14.48,14.47,14.46,14.45,14.44,14.43,14.42,14.41,14.4,14.5,14.51,14.52,14.53,14.54,14.55,14.56,14.57,14.58,14.59,3800,13400,2900,500,2000,1000,1000,3900,3700,3000,13500,14300,2000,3400,2300,8200,17600,3500,24900,18700
382.0,14.5,410000,5955457.0,14.49,14.48,14.47,14.46,14.45,14.44,14.43,14.42,14.41,14.4,14.5,14.51,14.52,14.53,14.54,14.55,14.56,14.57,14.58,14.59,3800,13400,2900,500,2000,1000,1000,3900,3700,3000,7400,14300,2000,3400,2300,8200,17600,3500,24900,18700
383.0,14.5,410000,5955457.0,14.49,14.48,14.47,14.46,14.45,14.44,14.43,14.42,14.41,14.4,14.5,14.51,14.52,14.53,14.54,14.55,14.56,14.57,14.58,14.59,3800,14300,2900,500,2000,1000,1000,3900,3700,3000,7400,14300,2000,3400,2300,8200,17600,3500,24900,18700
384.0,14.49,410300,5959804.0,14.49,14.48,14.47,14.46,14.45,14.44,14.43,14.42,14.41,14.4,14.5,14.51,14.52,14.53,14.54,14.55,14.56,14.57,14.58,14.59,3500,14300,2900,500,2000,1000,1000,3900,3700,3000,7400,14300,2000,3400,2300,8200,17600,3500,24900,18700
385.0,14.49,410300,5959804.0,14.49,14.48,14.47,14.46,14.45,14.44,14.43,14.42,14.41,14.4,14.5,14.51,14.52,14.53,14.54,14.55,14.56,14.57,14.58,14.59,3500,14300,2900,500,2000,1000,1000,3900,3700,3000,11200,14300,2000,3400,2300,8200,17600,3500,24900,18700
386.0,14.5,410900,5968504.0,14.49,14.48,14.47,14.46,14.45,14.44,14.43,14.42,14.41,14.4,14.5,14.51,14.52,14.53,14.54,14.55,14.56,14.57,14.58,14.59,3500,14300,2900,500,2000,1000,1000,3900,3700,3600,10600,14300,2000,3400,2300,8200,17600,3500,24900,18700
387.0,14.5,410900,5968504.0,14.49,14.48,14.47,14.46,14.45,14.44,14.43,14.42,14.41,14.4,14.5,14.51,14.52,14.53,14.54,14.55,14.56,14.57,14.58,14.59,3500,14300,2900,500,2000,1000,1000,3900,3700,3600,10600,14300,2000,3400,2300,8200,17600,3500,24900,18700
388.0,14.49,411200,5972851.0,14.49,14.48,14.47,14.46,14.45,14.44,14.43,14.42,14.41,14.4,14.5,14.51,14.52,14.53,14.54,14.55,14.56,14.57,14.58,14.59,3200,14300,2900,500,2000,1000,1000,3900,3700,3600,10600,14300,2000,3400,2300,8200,17600,3500,24900,18700
389.0,14.49,412700,5994586.0,14.49,14.48,14.47,14.46,14.45,14.44,14.43,14.42,14.41,14.4,14.5,14.51,14.52,14.53,14.54,14.55,14.56,14.57,14.58,14.59,2200,14300,2900,500,2000,1000,1000,3900,3700,3600,10200,14400,2000,3400,2300,8200,17600,3500,24900,18700
390.0,14.49,412700,5994586.0,14.49,14.48,14.47,14.46,14.45,14.44,14.43,14.42,14.41,14.4,14.5,14.51,14.52,14.53,14.54,14.55,14.56,14.57,14.58,14.59,2200,14300,2900,500,2000,1000,1000,3900,3700,3600,10200,14400,2000,3400,2300,8200,17600,3500,24900,18700
391.0,14.47,433400,6294341.0,14.46,14.45,14.44,14.43,14.42,14.41,14.4,14.38,14.37,14.35,14.47,14.5,14.51,14.52,14.53,14.54,14.55,14.56,14.57,14.58,500,2000,1000,1000,3900,3700,3600,8000,2400,3600,600,3800,14400,2000,3400,2300,8200,17900,3500,24900
392.0,14.47,433400,6294341.0,14.46,14.45,14.44,14.43,14.42,14.41,14.4,14.38,14.37,14.35,14.47,14.5,14.51,14.52,14.53,14.54,14.55,14.56,14.57,14.58,500,2000,1000,1000,3900,3700,3600,8000,2400,3600,600,3800,14400,2000,3400,2300,8200,17900,3500,24900
393.0,14.47,433700,6298682.0,14.46,14.45,14.44,14.43,14.42,14.41,14.4,14.38,14.37,14.35,14.47,14.5,14.51,14.52,14.53,14.54,14.55,14.56,14.57,14.58,500,2000,1000,1000,3900,3700,3600,8000,2400,3600,300,3800,14400,2000,3400,2300,8200,17900,3500,24900
394.0,14.47,433800,6300129.0,14.46,14.45,14.44,14.43,14.42,14.41,14.4,14.38,14.37,14.35,14.47,14.5,14.51,14.52,14.53,14.54,14.55,14.56,14.57,14.58,500,2000,1000,1000,3900,3700,3600,8000,2400,3600,200,3800,14400,2000,3400,2300,8200,17900,3500,24900
395.0,14.47,434000,6303023.0,14.47,14.46,14.45,14.44,14.43,14.42,14.41,14.4,14.38,14.37,14.5,14.51,14.52,14.53,14.54,14.55,14.56,14.57,14.58,14.59,1300,1200,2000,1000,1000,3900,3700,3600,8000,2400,3800,14400,2000,3400,2300,8200,17900,3500,24900,18700
396.0,14.47,434000,6303023.0,14.47,14.46,14.45,14.44,14.43,14.42,14.41,14.4,14.38,14.37,14.5,14.51,14.52,14.53,14.54,14.55,14.56,14.57,14.58,14.59,2200,1200,2000,1000,1000,3900,3700,6600,8000,2400,3800,14400,2000,3400,2300,8200,17900,3500,24900,18700
397.0,14.5,434500,6310273.0,14.47,14.46,14.45,14.44,14.43,14.42,14.41,14.4,14.38,14.37,14.5,14.51,14.52,14.53,14.54,14.55,14.56,14.57,14.58,14.59,3800,1200,2000,1000,1000,3900,3700,6600,8000,2400,4900,14400,2000,3400,2300,8200,17900,3500,24900,18700
398.0,14.47,435500,6324743.0,14.47,14.46,14.45,14.44,14.43,14.42,14.41,14.4,14.38,14.37,14.5,14.51,14.52,14.53,14.54,14.55,14.56,14.57,14.58,14.59,2800,1200,2000,1000,1000,3900,3700,6600,8000,2400,4900,14400,2000,3400,2300,8200,17900,3500,24900,18700
399.0,14.47,435500,6324743.0,14.47,14.46,14.45,14.44,14.43,14.42,14.41,14.4,14.38,14.37,14.5,14.51,14.52,14.53,14.54,14.55,14.56,14.57,14.58,14.59,3600,1600,2000,1000,1000,3900,3700,6600,8000,2400,5700,14400,2000,3400,2300,8200,17900,3500,24900,18700
400.0,14.47,435700,6327637.0,14.47,14.46,14.45,14.44,14.43,14.42,14.41,14.4,14.38,14.37,14.5,14.51,14.52,14.53,14.54,14.55,14.56,14.57,14.58,14.59,4500,1600,2000,1000,1000,3900,3700,6600,8000,2400,6500,14400,2000,3400,2300,8200,17900,3500,25100,18700
