LocalTime,LastPrice,TradeVolume,TradeValue,BidPrice1,BidPrice2,BidPrice3,BidPrice4,BidPrice5,BidPrice6,BidPrice7,BidPrice8,BidPrice9,BidPriceA,AskPrice1,AskPrice2,AskPrice3,AskPrice4,AskPrice5,AskPrice6,AskPrice7,AskPrice8,AskPrice9,AskPriceA,BidVolume1,BidVolume2,BidVolume3,BidVolume4,BidVolume5,BidVolume6,BidVolume7,BidVolume8,BidVolume9,BidVolumeA,AskVolume1,AskVolume2,AskVolume3,AskVolume4,AskVolume5,AskVolume6,AskVolume7,AskVolume8,AskVolume9,AskVolumeA
0.0,10.88,3200,34816.0,10.86,10.83,10.79,10.7,10.68,10.67,10.65,10.63,10.61,10.6,10.88,10.9,10.95,10.99,11.0,11.04,11.1,11.15,11.2,11.58,400,200,1000,2300,100,5700,3000,5500,500,400,500,9000,2700,1200,500,3100,500,500,600,2000
1.0,10.86,3300,35902.0,10.79,10.71,10.7,10.68,10.67,10.66,10.65,10.63,10.61,10.6,10.87,10.88,10.9,10.95,10.99,11.0,11.04,11.1,11.15,11.2,1000,400,3300,100,5700,600,3000,5500,500,400,800,500,9000,2700,1200,3200,3100,500,500,600
2.0,10.87,3800,41329.0,10.79,10.71,10.7,10.68,10.67,10.66,10.65,10.63,10.61,10.6,10.87,10.88,10.9,10.95,10.99,11.0,11.04,11.1,11.15,11.2,1000,400,3300,100,5700,600,3000,5500,500,400,500,1300,9000,2700,1200,3200,3100,500,500,600
3.0,10.9,5200,56558.0,10.79,10.71,10.7,10.68,10.67,10.66,10.65,10.63,10.61,10.6,10.86,10.9,10.94,10.95,10.99,11.0,11.04,11.1,11.15,11.2,1000,400,3900,100,5700,600,3000,5500,500,400,200,8900,1500,2700,1200,3200,3100,500,500,600
4.0,10.9,5200,56558.0,10.79,10.71,10.7,10.68,10.67,10.66,10.65,10.63,10.61,10.6,10.86,10.9,10.94,10.95,10.99,11.0,11.04,11.06,11.1,11.15,1000,400,3900,100,5700,600,3000,5500,500,400,500,8900,1500,2700,1200,3200,3100,6000,500,500
5.0,10.86,5700,61988.0,10.88,10.79,10.75,10.71,10.7,10.68,10.67,10.66,10.65,10.63,10.9,10.94,10.95,10.99,11.0,11.04,11.06,11.1,11.15,11.2,7100,1000,700,400,3900,100,5700,600,3000,5500,8900,1500,2700,1600,3200,3100,6000,500,500,600
6.0,10.9,6300,68518.0,10.88,10.79,10.75,10.71,10.7,10.68,10.67,10.66,10.65,10.63,10.9,10.94,10.95,10.99,11.0,11.04,11.06,11.1,11.15,11.16,6600,1000,700,400,3900,100,5700,600,3000,5500,8800,1500,2700,1600,3300,3100,6000,500,500,2900
7.0,10.88,12000,130550.0,10.88,10.8,10.79,10.75,10.71,10.7,10.68,10.67,10.66,10.65,10.9,10.94,10.95,10.99,11.0,11.02,11.04,11.05,11.06,11.08,1700,100,1100,700,400,3900,100,5700,600,3000,10500,1500,5200,6600,8300,5000,3100,5000,7000,5000
8.0,10.9,12600,137090.0,10.88,10.8,10.79,10.75,10.71,10.7,10.68,10.67,10.66,10.65,10.9,10.94,10.95,10.99,11.0,11.02,11.04,11.05,11.06,11.08,10100,100,1200,700,400,3900,100,5700,600,3000,9900,1500,5200,6600,8300,5000,3100,5000,7000,5000
9.0,10.88,13200,143622.0,10.88,10.8,10.79,10.75,10.73,10.71,10.7,10.68,10.67,10.66,10.89,10.9,10.94,10.95,10.99,11.0,11.02,11.04,11.05,11.06,9700,100,1200,700,1000,400,3900,100,5700,600,100,9700,1500,5200,6600,8300,5000,3100,5000,7000
10.0,10.88,22600,245895.0,10.88,10.8,10.79,10.75,10.73,10.71,10.7,10.68,10.67,10.66,10.9,10.94,10.95,10.99,11.0,11.02,11.04,11.05,11.06,11.08,400,100,1200,1700,1000,400,3900,100,5700,600,9700,1500,5200,6600,8300,5000,3100,5000,7000,5000
11.0,10.88,23000,250247.0,10.82,10.8,10.79,10.75,10.73,10.71,10.7,10.68,10.67,10.66,10.88,10.9,10.94,10.95,10.99,11.0,11.02,11.04,11.05,11.06,3700,100,1100,1700,1000,400,3900,100,5700,600,4700,9700,1500,5200,6600,8300,5000,3100,5000,7000
12.0,10.86,23600,256747.0,10.83,10.82,10.8,10.79,10.75,10.73,10.71,10.7,10.68,10.67,10.86,10.88,10.9,10.94,10.95,10.99,11.0,11.02,11.04,11.05,1600,3300,100,1100,1700,1000,400,3900,100,5700,300,11000,9700,1500,5300,6600,8300,5000,3100,5000
13.0,10.83,24800,269745.0,10.83,10.82,10.8,10.79,10.75,10.73,10.71,10.7,10.68,10.67,10.85,10.86,10.88,10.89,10.9,10.94,10.95,10.99,11.0,11.02,2200,3300,100,1100,1700,1000,400,3900,100,5700,400,300,14100,500,9700,1500,5300,6600,8300,5000
14.0,10.83,24800,269745.0,10.83,10.82,10.8,10.79,10.75,10.73,10.71,10.7,10.68,10.67,10.84,10.85,10.86,10.88,10.89,10.9,10.94,10.95,10.99,11.0,2500,4500,100,1100,1700,1000,400,3900,100,5700,800,400,300,14000,600,9700,1500,5300,6600,8300
15.0,10.83,24800,269745.0,10.83,10.82,10.8,10.79,10.75,10.73,10.71,10.7,10.68,10.67,10.84,10.85,10.86,10.88,10.89,10.9,10.94,10.95,10.99,11.0,2500,4500,100,1100,1700,1000,400,3900,100,5700,800,400,300,10100,600,9700,1500,5300,6600,8300
16.0,10.84,25300,275165.0,10.83,10.82,10.8,10.79,10.75,10.73,10.71,10.7,10.68,10.67,10.84,10.85,10.86,10.88,10.89,10.9,10.94,10.95,10.99,11.0,2500,4500,100,1100,1700,1000,400,3900,100,5700,300,400,300,10100,600,9700,1500,5300,6600,8300
17.0,10.84,25600,278417.0,10.83,10.82,10.8,10.79,10.75,10.73,10.71,10.7,10.68,10.67,10.85,10.86,10.88,10.89,10.9,10.94,10.95,10.99,11.0,11.02,2500,4500,100,1100,1700,1000,400,3900,100,5700,400,300,10100,600,9700,1500,5300,6600,8300,5000
18.0,10.83,30200,328235.0,10.82,10.8,10.79,10.75,10.73,10.71,10.7,10.68,10.67,10.66,10.85,10.86,10.88,10.89,10.9,10.94,10.95,10.99,11.0,11.02,4500,100,1100,1700,1000,400,2900,100,5700,600,400,300,9800,600,9700,1500,5300,6600,8300,5000
19.0,10.83,30200,328235.0,10.83,10.82,10.8,10.79,10.75,10.73,10.71,10.7,10.68,10.67,10.85,10.86,10.88,10.89,10.9,10.94,10.95,10.99,11.0,11.02,100,4500,100,1100,1700,1000,400,2900,100,5700,400,300,8900,600,9700,1500,5300,6600,8300,5000
20.0,10.85,30300,329320.0,10.83,10.82,10.8,10.79,10.75,10.73,10.71,10.7,10.68,10.67,10.85,10.86,10.88,10.89,10.9,10.94,10.95,10.99,11.0,11.02,300,4500,100,1100,1700,1000,400,2900,100,5700,300,300,5900,600,9700,1500,5300,6600,8300,5000
21.0,10.85,30300,329320.0,10.83,10.82,10.8,10.79,10.75,10.73,10.71,10.7,10.68,10.67,10.85,10.86,10.88,10.89,10.9,10.94,10.95,10.99,11.0,11.02,300,4500,100,1100,1700,1000,400,2900,100,5700,300,300,1700,600,9700,1500,5300,6600,8300,5000
22.0,10.85,30600,332575.0,10.83,10.82,10.8,10.79,10.75,10.73,10.71,10.7,10.68,10.67,10.86,10.88,10.89,10.9,10.94,10.95,10.99,11.0,11.02,11.04,300,4500,100,1100,1700,1000,400,2900,100,5700,300,1400,600,9700,1500,5300,6600,8300,5000,3100
23.0,10.86,30700,333661.0,10.83,10.82,10.8,10.79,10.75,10.73,10.71,10.7,10.68,10.67,10.86,10.88,10.89,10.9,10.94,10.95,10.99,11.0,11.02,11.04,300,4500,100,1100,1700,1000,400,2900,100,5700,200,1400,600,9700,1500,5300,6600,8300,5000,3100
24.0,10.86,30700,333661.0,10.83,10.82,10.8,10.79,10.75,10.73,10.71,10.7,10.68,10.67,10.86,10.88,10.89,10.9,10.94,10.95,10.99,11.0,11.02,11.04,300,4500,100,1100,1700,1000,400,2900,100,5700,200,1300,600,9700,1500,5300,6600,8300,5000,3100
25.0,10.86,30700,333661.0,10.83,10.82,10.8,10.79,10.75,10.73,10.71,10.7,10.68,10.67,10.85,10.86,10.88,10.89,10.9,10.94,10.95,10.99,11.0,11.02,300,4500,100,1100,1700,1000,400,2900,100,5700,800,1100,1300,600,9700,1500,5300,6600,8300,5000
26.0,10.85,31500,342341.0,10.83,10.82,10.8,10.79,10.75,10.73,10.71,10.7,10.68,10.67,10.86,10.88,10.89,10.9,10.94,10.95,10.99,11.0,11.02,11.04,400,4500,100,1100,1700,1000,400,2900,100,5700,1100,1300,600,9700,1500,5300,6600,8300,5000,3100
27.0,10.85,31500,342341.0,10.83,10.82,10.8,10.79,10.75,10.73,10.71,10.7,10.68,10.67,10.86,10.88,10.89,10.9,10.94,10.95,10.99,11.0,11.02,11.04,400,4500,100,1100,1700,1000,400,2900,100,5700,1100,1300,600,9700,1500,5300,6600,8300,5000,3100
28.0,10.85,31500,342341.0,10.85,10.84,10.83,10.82,10.8,10.79,10.75,10.73,10.71,10.7,10.86,10.88,10.89,10.9,10.94,10.95,10.99,11.0,11.02,11.04,1000,100,400,3300,100,1000,1700,1000,400,2900,1100,1300,600,9700,1500,5300,6600,8300,5000,3100
29.0,10.86,31600,343427.0,10.85,10.84,10.83,10.82,10.8,10.79,10.75,10.73,10.71,10.7,10.86,10.88,10.89,10.9,10.94,10.95,10.99,11.0,11.02,11.04,1000,100,400,3300,100,1000,1700,1000,400,2900,1000,1300,600,9700,1500,5300,6600,8300,5000,3100
30.0,10.86,32600,354287.0,10.85,10.84,10.83,10.82,10.8,10.79,10.76,10.75,10.74,10.73,10.87,10.88,10.89,10.9,10.94,10.95,10.99,11.0,11.02,11.04,1000,100,400,3300,100,1000,5900,1700,5600,1000,2200,1300,600,9700,1500,5300,6600,8300,5000,3100
31.0,10.86,32800,356459.0,10.85,10.84,10.83,10.82,10.8,10.79,10.76,10.75,10.74,10.73,10.86,10.87,10.88,10.89,10.9,10.94,10.95,10.99,11.0,11.02,1000,200,400,3300,100,1000,5900,1700,5600,1000,600,2200,1300,600,9700,1500,5300,6600,8300,5000
32.0,10.86,35000,380331.0,10.84,10.83,10.82,10.8,10.79,10.76,10.75,10.74,10.73,10.72,10.86,10.87,10.88,10.89,10.9,10.94,10.95,10.99,11.0,11.02,200,200,3300,100,1000,5900,1700,5600,1000,5800,400,2200,1300,600,9700,1500,5300,6600,8300,5000
33.0,10.86,35100,381417.0,10.84,10.83,10.82,10.8,10.79,10.76,10.75,10.74,10.73,10.72,10.86,10.87,10.88,10.89,10.9,10.94,10.95,10.99,11.0,11.02,200,200,3300,100,1000,5900,1700,5600,1000,5800,300,2200,1300,600,9700,1500,5300,6600,8300,5000
34.0,10.86,35100,381417.0,10.84,10.83,10.82,10.8,10.79,10.76,10.75,10.74,10.73,10.72,10.85,10.86,10.87,10.88,10.89,10.9,10.94,10.95,10.99,11.0,200,200,3300,100,1000,5900,1700,5600,1000,5800,1700,300,2200,1300,600,9700,1500,5300,6600,8300
35.0,10.86,35100,381417.0,10.84,10.83,10.82,10.8,10.79,10.76,10.75,10.74,10.73,10.72,10.85,10.86,10.87,10.88,10.89,10.9,10.94,10.95,10.99,11.0,1900,200,3300,100,1000,5900,1700,5600,1000,5800,1700,300,2200,1300,600,9700,1500,5300,6600,8300
36.0,10.86,35100,381417.0,10.84,10.83,10.82,10.8,10.79,10.76,10.75,10.74,10.73,10.72,10.85,10.86,10.87,10.88,10.89,10.9,10.94,10.95,10.99,11.0,1900,200,3300,100,1000,5900,1700,5600,1000,5800,1700,300,2200,1300,600,9700,1500,5300,6600,8300
37.0,10.86,35100,381417.0,10.84,10.83,10.82,10.8,10.79,10.76,10.75,10.74,10.73,10.72,10.85,10.86,10.87,10.88,10.89,10.9,10.94,10.95,10.99,11.0,1900,200,3300,100,1000,5900,1700,5600,1000,5800,2500,300,2200,1300,600,9700,1500,5300,6600,8300
38.0,10.85,35300,383587.0,10.84,10.83,10.82,10.8,10.79,10.76,10.75,10.74,10.73,10.72,10.85,10.86,10.87,10.88,10.89,10.9,10.94,10.95,10.99,11.0,2000,200,3300,100,1000,5900,1700,5600,1000,5800,2300,300,2200,1300,600,9700,1500,5300,6600,8300
39.0,10.85,35300,383587.0,10.84,10.83,10.82,10.8,10.79,10.76,10.75,10.74,10.73,10.72,10.85,10.86,10.87,10.88,10.89,10.9,10.94,10.95,10.99,11.0,2000,200,3300,100,1000,5900,1700,5600,1000,5800,2300,300,2200,1300,600,9700,1500,5300,6600,8300
40.0,10.85,35300,383587.0,10.84,10.83,10.82,10.8,10.79,10.76,10.75,10.74,10.73,10.72,10.85,10.86,10.87,10.88,10.89,10.9,10.94,10.95,10.99,11.0,2000,200,3300,100,1000,5900,1700,5600,1000,5800,2300,300,2200,1300,600,9700,1500,5300,6600,8300
41.0,10.84,37300,405267.0,10.83,10.82,10.8,10.79,10.76,10.75,10.74,10.73,10.72,10.71,10.85,10.86,10.87,10.88,10.89,10.9,10.94,10.95,10.99,11.0,100,3300,100,1000,5900,1700,5600,1000,5800,400,2300,300,2200,1300,600,9700,1500,5300,6600,8300
42.0,10.84,37300,405267.0,10.83,10.82,10.8,10.79,10.76,10.75,10.74,10.73,10.72,10.71,10.85,10.86,10.87,10.88,10.89,10.9,10.94,10.95,10.99,11.0,100,3300,100,1000,5900,1700,5600,1000,5800,400,2300,300,2200,1300,600,9700,1500,5300,6600,8300
43.0,10.85,37500,407437.0,10.83,10.82,10.8,10.79,10.76,10.75,10.74,10.73,10.72,10.71,10.85,10.86,10.87,10.88,10.89,10.9,10.94,10.95,10.99,11.0,100,3300,100,1000,5900,1700,5600,1000,5800,400,2100,300,2200,1300,600,9700,1500,5300,6600,8300
44.0,10.85,37500,407437.0,10.83,10.82,10.8,10.79,10.76,10.75,10.74,10.73,10.72,10.71,10.85,10.86,10.87,10.88,10.89,10.9,10.94,10.95,10.99,11.0,600,3300,100,1000,5900,1700,5600,1000,5800,400,2100,300,2200,1300,600,9700,1500,5300,6600,8300
45.0,10.85,37500,407437.0,10.83,10.82,10.8,10.79,10.76,10.75,10.74,10.73,10.72,10.71,10.85,10.86,10.87,10.88,10.89,10.9,10.94,10.95,10.99,11.0,600,3300,100,1000,5900,1700,5600,1000,5800,400,800,300,2200,1300,600,9700,1500,5300,6600,8300
46.0,10.85,37800,410692.0,10.83,10.82,10.8,10.79,10.76,10.75,10.74,10.73,10.72,10.71,10.85,10.86,10.87,10.88,10.89,10.9,10.94,10.95,10.99,11.0,700,3300,100,1000,5900,1700,5600,1000,5800,400,500,300,2200,1300,600,9700,1500,5300,6600,8300
47.0,10.85,38100,413947.0,10.83,10.82,10.8,10.79,10.76,10.75,10.74,10.73,10.72,10.71,10.85,10.86,10.87,10.88,10.89,10.9,10.94,10.95,10.99,11.0,700,3300,100,1000,5900,1700,5600,1000,5800,400,200,300,2200,1300,600,9700,1500,5300,6600,8300
48.0,10.85,38200,415032.0,10.83,10.82,10.8,10.79,10.76,10.75,10.74,10.73,10.72,10.71,10.85,10.86,10.87,10.88,10.89,10.9,10.94,10.95,10.99,11.0,700,3300,100,1000,5900,1700,5600,1000,5800,400,100,300,2200,1300,600,9700,1500,5300,6600,8300
49.0,10.84,39000,423704.0,10.85,10.83,10.82,10.8,10.79,10.76,10.75,10.74,10.73,10.72,10.86,10.87,10.88,10.89,10.9,10.94,10.95,10.99,11.0,11.02,300,600,3300,100,1000,5900,1700,5600,1000,5800,300,2200,1300,600,9700,1500,5300,6600,8300,5000
50.0,10.86,39100,424790.0,10.85,10.83,10.82,10.8,10.79,10.76,10.75,10.74,10.73,10.72,10.86,10.87,10.88,10.89,10.9,10.94,10.95,10.99,11.0,11.02,900,600,3300,100,1000,5900,1700,5600,1000,5800,200,2200,1300,600,9700,1500,5300,6600,8300,5000
51.0,10.86,39100,424790.0,10.85,10.83,10.82,10.8,10.79,10.76,10.75,10.74,10.73,10.72,10.86,10.87,10.88,10.89,10.9,10.94,10.95,10.99,11.0,11.02,900,600,3300,100,1000,5900,1700,5600,1000,5800,200,2200,1300,600,9700,1500,5300,6600,8300,5000
52.0,10.86,39300,426962.0,10.85,10.83,10.82,10.8,10.79,10.76,10.75,10.74,10.73,10.72,10.87,10.88,10.89,10.9,10.94,10.95,10.99,11.0,11.02,11.04,600,600,3300,100,1000,5900,1700,5600,1000,5800,2200,1300,600,9700,1500,5300,6600,8300,5000,3100
53.0,10.87,39500,429136.0,10.86,10.85,10.83,10.82,10.8,10.79,10.76,10.75,10.74,10.73,10.87,10.88,10.89,10.9,10.94,10.95,10.99,11.0,11.02,11.04,100,600,500,3300,100,1000,5900,1700,5600,1000,2000,1300,600,9700,1500,5300,6600,8300,5000,3100
54.0,10.85,40200,436732.0,10.83,10.82,10.8,10.79,10.76,10.75,10.74,10.73,10.72,10.71,10.85,10.87,10.88,10.89,10.9,10.94,10.95,10.99,11.0,11.02,500,3300,100,1000,5900,1700,5600,1000,5800,400,200,2000,1300,600,9700,1500,5300,6600,8300,5000
55.0,10.85,40200,436732.0,10.83,10.82,10.8,10.79,10.76,10.75,10.74,10.73,10.72,10.71,10.85,10.87,10.88,10.89,10.9,10.94,10.95,10.99,11.0,11.02,500,3300,100,1000,5900,1700,5600,1000,5800,400,200,2000,1300,600,9700,1500,5300,6600,8300,5000
56.0,10.85,40200,436732.0,10.85,10.83,10.82,10.8,10.79,10.76,10.75,10.74,10.73,10.72,10.87,10.88,10.89,10.9,10.94,10.95,10.98,10.99,11.0,11.02,100,500,3300,100,1000,5900,1700,5600,1000,5800,2000,1300,600,9700,1500,5300,400,6600,8300,5000
57.0,10.85,40200,436732.0,10.85,10.83,10.82,10.8,10.79,10.76,10.75,10.74,10.73,10.72,10.87,10.88,10.89,10.9,10.94,10.95,10.98,10.99,11.0,11.02,500,500,3300,100,1000,5900,1700,5600,1000,5800,2000,1300,600,9700,1500,5300,400,6600,8300,5000
58.0,10.85,40200,436732.0,10.85,10.83,10.82,10.8,10.79,10.76,10.75,10.74,10.73,10.72,10.87,10.88,10.89,10.9,10.94,10.95,10.98,10.99,11.0,11.02,500,500,3300,100,1000,5900,1700,5600,1000,5800,2000,1300,600,9700,1500,5300,400,6600,8300,5000
59.0,10.87,40400,438906.0,10.85,10.83,10.82,10.8,10.79,10.76,10.75,10.74,10.73,10.72,10.87,10.88,10.89,10.9,10.94,10.95,10.98,10.99,11.0,11.02,500,500,3300,100,1000,5900,1700,5600,1000,5800,1800,1300,600,9700,1500,5300,400,6600,8300,5000
60.0,10.87,40400,438906.0,10.85,10.83,10.82,10.8,10.79,10.76,10.75,10.74,10.73,10.72,10.87,10.88,10.89,10.9,10.94,10.95,10.98,10.99,11.0,11.02,500,500,3300,100,1000,5900,1700,5600,1000,5800,1800,1300,600,9700,1500,5300,400,6600,8300,5000
61.0,10.88,43300,470424.0,10.86,10.85,10.83,10.82,10.8,10.79,10.76,10.75,10.74,10.73,10.88,10.89,10.9,10.94,10.95,10.98,10.99,11.0,11.02,11.04,800,500,800,3300,100,1000,5900,1700,5600,1000,700,600,9700,1500,5300,400,6600,8300,5000,3100
62.0,10.88,43300,470424.0,10.86,10.85,10.83,10.82,10.8,10.79,10.76,10.75,10.74,10.73,10.88,10.89,10.9,10.94,10.95,10.98,10.99,11.0,11.02,11.04,800,600,800,3300,100,1000,5900,1700,5600,1000,700,600,9700,1500,5300,400,6600,8300,5000,3100
63.0,10.88,43300,470424.0,10.86,10.85,10.83,10.82,10.8,10.79,10.76,10.75,10.74,10.73,10.88,10.89,10.9,10.94,10.95,10.98,10.99,11.0,11.02,11.04,800,600,800,3300,100,1000,5900,1700,5600,1000,700,600,9700,1500,5300,400,6600,8300,5000,3100
64.0,10.88,43300,470424.0,10.87,10.86,10.85,10.83,10.82,10.8,10.79,10.76,10.75,10.74,10.88,10.89,10.9,10.94,10.95,10.98,10.99,11.0,11.02,11.04,100,800,600,800,3300,100,1000,5900,1700,5600,700,600,9700,1500,5300,400,6600,8300,5000,3100
65.0,10.88,44000,478040.0,10.88,10.87,10.86,10.85,10.84,10.83,10.82,10.8,10.79,10.76,10.89,10.9,10.94,10.95,10.98,10.99,11.0,11.02,11.04,11.05,900,1000,800,600,1100,800,3300,100,1000,5900,600,9700,1500,5300,400,6600,8300,5000,3100,5000
66.0,10.88,44000,478040.0,10.88,10.87,10.86,10.85,10.84,10.83,10.82,10.8,10.79,10.76,10.89,10.9,10.94,10.95,10.98,10.99,11.0,11.02,11.04,11.05,900,1000,800,600,1100,800,3300,100,1000,5900,600,9700,1500,5300,400,6600,8300,5000,3100,5000
67.0,10.88,44000,478040.0,10.88,10.87,10.86,10.85,10.84,10.83,10.82,10.8,10.79,10.76,10.89,10.9,10.94,10.95,10.98,10.99,11.0,11.02,11.04,11.05,900,1000,800,600,1100,800,3300,100,1000,5900,600,9700,1500,5300,400,6600,8300,5000,3100,5000
68.0,10.88,44000,478040.0,10.88,10.87,10.86,10.85,10.84,10.83,10.82,10.8,10.79,10.76,10.89,10.9,10.94,10.95,10.98,10.99,11.0,11.02,11.04,11.05,900,1000,800,600,1100,800,3300,100,1000,5900,600,9700,1500,5300,400,6600,8300,5000,3100,5000
69.0,10.89,44100,479129.0,10.88,10.87,10.86,10.85,10.84,10.83,10.82,10.8,10.79,10.76,10.89,10.9,10.94,10.95,10.98,10.99,11.0,11.02,11.04,11.05,900,1000,800,600,1100,800,3300,100,1000,5900,500,9700,1500,5300,400,6600,8300,5000,3100,5000
70.0,10.89,44100,479129.0,10.88,10.87,10.86,10.85,10.84,10.83,10.82,10.8,10.79,10.76,10.89,10.9,10.94,10.95,10.98,10.99,11.0,11.02,11.04,11.05,900,1000,800,600,1100,800,3300,100,1000,5900,500,9700,1500,5300,400,6600,8300,5000,3100,5000
71.0,10.89,44100,479129.0,10.88,10.87,10.86,10.85,10.84,10.83,10.82,10.8,10.79,10.76,10.89,10.9,10.94,10.95,10.98,10.99,11.0,11.02,11.04,11.05,900,400,800,600,1100,800,3300,100,1000,5900,500,9700,1500,5300,400,6600,8300,5000,3100,5000
72.0,10.89,44100,479129.0,10.88,10.87,10.86,10.85,10.84,10.83,10.82,10.8,10.79,10.76,10.89,10.9,10.94,10.95,10.98,10.99,11.0,11.02,11.04,11.05,900,400,800,200,1100,800,3300,100,1000,5900,500,9700,1500,5300,400,6600,8300,5000,3100,5000
73.0,10.88,45100,490009.0,10.88,10.87,10.86,10.85,10.84,10.83,10.82,10.8,10.79,10.76,10.89,10.9,10.94,10.95,10.98,10.99,11.0,11.02,11.04,11.05,300,400,800,200,1100,800,3300,100,1000,5900,500,9700,1500,5300,400,6600,8300,5000,3100,5000
74.0,10.88,45100,490009.0,10.88,10.87,10.86,10.85,10.84,10.83,10.82,10.8,10.79,10.76,10.89,10.9,10.94,10.95,10.98,10.99,11.0,11.02,11.04,11.05,300,400,800,200,1100,800,3300,100,1000,5900,500,9700,1500,5300,400,6600,8300,5000,3100,5000
75.0,10.88,45100,490009.0,10.88,10.87,10.86,10.85,10.84,10.83,10.82,10.8,10.79,10.76,10.89,10.9,10.94,10.95,10.98,10.99,11.0,11.02,11.04,11.05,300,400,800,200,1100,800,3300,100,1000,5900,500,9700,1500,5300,400,6600,8300,5000,3100,5000
76.0,10.88,45100,490009.0,10.88,10.87,10.85,10.84,10.83,10.82,10.8,10.79,10.76,10.75,10.89,10.9,10.94,10.95,10.98,10.99,11.0,11.02,11.04,11.05,300,400,200,1100,800,3300,100,1000,5900,1700,500,9700,1500,5300,400,6600,8300,5000,3100,5000
77.0,10.88,45100,490009.0,10.88,10.87,10.85,10.84,10.83,10.82,10.8,10.79,10.76,10.75,10.89,10.9,10.94,10.95,10.98,10.99,11.0,11.02,11.04,11.05,300,400,200,1100,800,3300,100,1000,5900,1700,500,9700,1500,5300,400,6600,8300,5000,3100,5000
78.0,10.88,45100,490009.0,10.88,10.87,10.85,10.84,10.83,10.82,10.8,10.79,10.76,10.75,10.89,10.9,10.94,10.95,10.98,10.99,11.0,11.02,11.04,11.05,300,400,200,1100,800,3300,100,1000,5900,1700,500,9700,1500,5300,400,6600,8300,5000,3100,5000
79.0,10.88,45100,490009.0,10.88,10.87,10.85,10.84,10.83,10.82,10.8,10.79,10.76,10.75,10.89,10.9,10.94,10.95,10.98,10.99,11.0,11.02,11.04,11.05,300,400,200,1100,800,3300,100,1000,5900,1700,500,9700,1500,5300,400,6600,8300,5000,3100,5000
80.0,10.88,45100,490009.0,10.88,10.87,10.85,10.84,10.83,10.82,10.8,10.79,10.76,10.75,10.89,10.9,10.94,10.95,10.98,10.99,11.0,11.02,11.04,11.05,300,400,200,1100,800,3300,100,1000,5900,1700,500,9700,1500,5300,400,6600,8300,5000,3100,5000
81.0,10.88,45100,490009.0,10.88,10.87,10.85,10.84,10.83,10.82,10.8,10.79,10.76,10.75,10.89,10.9,10.94,10.95,10.98,10.99,11.0,11.02,11.04,11.05,300,400,200,1100,800,3300,100,1000,5900,1700,500,9700,1500,5300,400,6600,8300,5000,3100,5000
82.0,10.88,45100,490009.0,10.88,10.87,10.85,10.84,10.83,10.82,10.8,10.79,10.76,10.75,10.89,10.9,10.94,10.95,10.98,10.99,11.0,11.02,11.04,11.05,300,400,200,1100,800,3300,100,1000,5900,1700,500,9700,1500,5300,400,6600,8300,5000,3100,5000
83.0,10.88,45100,490009.0,10.88,10.87,10.85,10.84,10.83,10.82,10.8,10.79,10.76,10.75,10.89,10.9,10.94,10.95,10.98,10.99,11.0,11.02,11.04,11.05,300,400,200,1100,800,3300,100,1000,5900,1700,500,9700,1500,5300,400,6600,8300,5000,3100,5000
84.0,10.88,45100,490009.0,10.88,10.87,10.85,10.84,10.83,10.82,10.8,10.79,10.76,10.75,10.89,10.9,10.94,10.95,10.98,10.99,11.0,11.02,11.04,11.05,300,400,200,1100,800,3300,100,1000,5900,1700,500,9700,1500,5300,400,6600,8300,5000,3100,5000
85.0,10.88,45400,493273.0,10.87,10.85,10.84,10.83,10.82,10.8,10.79,10.76,10.75,10.74,10.88,10.89,10.9,10.94,10.95,10.98,10.99,11.0,11.02,11.04,400,200,1100,800,3300,100,1000,5900,1700,5600,500,500,9700,1500,5300,400,6600,8300,5000,3100
86.0,10.88,45400,493273.0,10.87,10.85,10.84,10.83,10.82,10.8,10.79,10.76,10.75,10.74,10.88,10.89,10.9,10.94,10.95,10.98,10.99,11.0,11.02,11.04,400,200,1100,800,3300,100,1000,5900,1700,5600,500,500,9700,1500,5300,400,6600,8300,5000,3100
87.0,10.88,45400,493273.0,10.87,10.85,10.84,10.83,10.82,10.8,10.79,10.76,10.75,10.74,10.88,10.89,10.9,10.94,10.95,10.98,10.99,11.0,11.02,11.04,400,200,1100,800,3300,100,1000,5900,1700,5600,500,500,9700,1500,5300,400,6600,8300,5000,3100
88.0,10.88,45400,493273.0,10.87,10.85,10.84,10.83,10.82,10.8,10.79,10.76,10.75,10.74,10.88,10.89,10.9,10.94,10.95,10.98,10.99,11.0,11.02,11.04,400,200,1100,800,3300,100,1000,5900,1700,5600,500,500,9700,1500,5300,400,6600,8300,5000,3100
89.0,10.88,45400,493273.0,10.87,10.85,10.84,10.83,10.82,10.8,10.79,10.76,10.75,10.74,10.88,10.89,10.9,10.94,10.95,10.98,10.99,11.0,11.02,11.04,400,500,1100,800,3300,100,1000,5900,1700,5600,500,500,9700,1500,5300,400,6600,8300,5000,3100
90.0,10.88,45400,493273.0,10.87,10.85,10.84,10.83,10.82,10.8,10.79,10.76,10.75,10.74,10.88,10.89,10.9,10.94,10.95,10.98,10.99,11.0,11.02,11.04,400,500,1100,800,3300,100,1000,5900,1700,5600,500,500,9700,1500,5300,400,6600,8300,5000,3100
91.0,10.88,45700,496537.0,10.87,10.85,10.84,10.83,10.82,10.8,10.79,10.76,10.75,10.74,10.88,10.89,10.9,10.94,10.95,10.98,10.99,11.0,11.02,11.04,400,500,1100,800,3300,100,1000,5900,1700,5600,200,500,9700,1500,5300,400,6600,8300,5000,3100
92.0,10.88,45800,497625.0,10.87,10.85,10.84,10.83,10.82,10.8,10.79,10.76,10.75,10.74,10.88,10.89,10.9,10.94,10.95,10.98,10.99,11.0,11.02,11.04,400,500,1100,800,3300,100,1000,5900,1700,5600,100,500,9700,1500,5300,400,6600,8300,5000,3100
93.0,10.88,45800,497625.0,10.87,10.85,10.84,10.83,10.82,10.8,10.79,10.76,10.75,10.74,10.88,10.89,10.9,10.94,10.95,10.98,10.99,11.0,11.02,11.04,400,500,1100,800,3300,100,1000,5900,1700,5600,100,500,9700,1500,5300,400,6600,8300,5000,3100
94.0,10.88,45800,497625.0,10.87,10.85,10.83,10.82,10.8,10.79,10.76,10.75,10.74,10.73,10.88,10.89,10.9,10.94,10.95,10.98,10.99,11.0,11.02,11.04,500,500,1000,3300,100,1000,5900,1700,5600,1000,100,500,9700,1500,5300,400,6600,8300,5000,3100
95.0,10.88,45800,497625.0,10.87,10.85,10.83,10.82,10.8,10.79,10.76,10.75,10.74,10.73,10.88,10.89,10.9,10.94,10.95,10.98,10.99,11.0,11.02,11.04,500,500,1000,3300,100,1000,5900,1700,5600,1000,100,500,9700,1500,5300,400,6600,8300,5000,3100
96.0,10.88,45800,497625.0,10.87,10.85,10.83,10.82,10.8,10.79,10.76,10.75,10.74,10.73,10.88,10.89,10.9,10.94,10.95,10.98,10.99,11.0,11.02,11.04,500,500,1000,3300,100,1000,5900,1700,5600,1000,1100,500,9700,1500,5300,400,6600,8300,5000,3100
97.0,10.87,46300,503060.0,10.85,10.83,10.82,10.8,10.79,10.76,10.75,10.74,10.73,10.72,10.87,10.88,10.89,10.9,10.94,10.95,10.98,10.99,11.0,11.02,500,1000,3300,100,1000,5900,1700,5600,1000,5800,300,1000,500,9700,1500,5300,400,6600,8300,5000
98.0,10.87,46300,503060.0,10.85,10.83,10.82,10.8,10.79,10.76,10.75,10.74,10.73,10.72,10.87,10.88,10.89,10.9,10.94,10.95,10.98,10.99,11.0,11.02,500,1000,3300,100,1000,5900,1700,5600,1000,5800,300,1000,500,9700,1500,5300,400,6600,8300,5000
99.0,10.88,47600,517201.0,10.88,10.85,10.83,10.82,10.8,10.79,10.76,10.75,10.74,10.73,10.89,10.9,10.94,10.95,10.98,10.99,11.0,11.02,11.04,11.05,1700,500,1000,3300,100,1000,5900,1700,5600,1000,500,9700,1500,5300,400,6600,8300,5000,3100,5000
100.0,10.88,48600,528081.0,10.88,10.85,10.83,10.82,10.8,10.79,10.76,10.75,10.74,10.73,10.89,10.9,10.94,10.95,10.98,10.99,11.0,11.02,11.04,11.05,700,500,1000,3300,100,1000,5900,1700,5600,1000,500,9700,1500,5300,400,6600,8300,5000,3100,5000
101.0,10.88,49200,534610.0,10.88,10.85,10.83,10.82,10.8,10.79,10.76,10.75,10.74,10.73,10.89,10.9,10.94,10.95,10.98,10.99,11.0,11.02,11.04,11.05,200,500,1000,3300,100,1000,5900,1700,5600,1000,400,9700,1500,5300,400,6600,8300,5000,3100,5000
102.0,10.88,49200,534610.0,10.88,10.85,10.83,10.82,10.8,10.79,10.76,10.75,10.74,10.73,10.89,10.9,10.94,10.95,10.98,10.99,11.0,11.02,11.04,11.05,200,500,1000,3300,100,1000,5900,1700,5600,1000,400,9700,1500,5300,400,6600,8300,5000,3100,5000
103.0,10.88,49200,534610.0,10.88,10.87,10.85,10.83,10.82,10.8,10.79,10.76,10.75,10.74,10.89,10.9,10.94,10.95,10.98,10.99,11.0,11.02,11.04,11.05,200,200,500,1000,3300,100,1000,5900,1700,5600,400,9700,1500,5300,400,6600,8300,5000,3100,5000
104.0,10.87,49700,540048.0,10.85,10.83,10.82,10.8,10.79,10.76,10.75,10.74,10.73,10.72,10.87,10.89,10.9,10.94,10.95,10.98,10.99,11.0,11.02,11.04,500,1000,3300,100,1000,5900,1700,5600,1000,5800,600,400,9700,1500,5300,400,6600,8300,5000,3100
105.0,10.87,49700,540048.0,10.85,10.83,10.82,10.8,10.79,10.76,10.75,10.74,10.73,10.72,10.87,10.88,10.89,10.9,10.94,10.95,10.98,10.99,11.0,11.02,500,1000,3300,100,1000,5900,1700,5600,1000,5800,600,1500,400,9700,1500,5300,400,6600,8300,5000
106.0,10.87,49700,540048.0,10.85,10.83,10.82,10.8,10.79,10.76,10.75,10.74,10.73,10.72,10.87,10.88,10.89,10.9,10.94,10.95,10.98,10.99,11.0,11.02,500,1000,3300,100,1000,5900,1700,5600,1000,5800,600,1500,400,9700,1500,5300,400,6600,8300,5000
107.0,10.87,49800,541135.0,10.85,10.83,10.82,10.8,10.79,10.76,10.75,10.74,10.73,10.72,10.87,10.88,10.89,10.9,10.94,10.95,10.98,10.99,11.0,11.02,500,1000,3300,100,1000,5900,1700,5600,1000,5800,500,1500,400,9700,1500,5300,400,6600,8300,5000
108.0,10.87,49800,541135.0,10.85,10.83,10.82,10.8,10.79,10.76,10.75,10.74,10.73,10.72,10.87,10.88,10.89,10.9,10.94,10.95,10.98,10.99,11.0,11.02,500,1000,3300,100,1000,5900,1700,5600,1000,5800,500,1500,400,9700,1500,5300,400,6600,8300,5000
109.0,10.87,49800,541135.0,10.85,10.83,10.82,10.8,10.79,10.76,10.75,10.74,10.73,10.72,10.86,10.87,10.88,10.89,10.9,10.94,10.95,10.98,10.99,11.0,500,1000,3300,100,1000,5900,1700,5600,1000,5800,800,500,1300,400,9700,1500,5300,400,6600,8300
110.0,10.87,49800,541135.0,10.85,10.83,10.82,10.8,10.79,10.76,10.75,10.74,10.73,10.72,10.86,10.87,10.88,10.89,10.9,10.94,10.95,10.98,10.99,11.0,500,1000,3300,100,1000,5900,1700,5600,1000,5800,800,500,1300,400,9700,1500,5300,400,6600,8300
111.0,10.87,49800,541135.0,10.85,10.83,10.82,10.8,10.79,10.76,10.75,10.74,10.73,10.72,10.86,10.87,10.88,10.89,10.9,10.94,10.95,10.98,10.99,11.0,500,1000,3300,100,1000,5900,1700,5600,1000,5800,800,500,1300,400,9700,1500,5300,400,6600,8300
112.0,10.87,49800,541135.0,10.85,10.83,10.82,10.8,10.79,10.76,10.75,10.74,10.73,10.72,10.86,10.87,10.88,10.89,10.9,10.94,10.95,10.98,10.99,11.0,500,1000,3300,100,1000,5900,1700,5600,1000,5800,800,500,1300,400,9700,1500,5300,400,6600,8300
113.0,10.86,49900,542221.0,10.85,10.83,10.82,10.8,10.79,10.76,10.75,10.74,10.73,10.72,10.86,10.87,10.88,10.89,10.9,10.94,10.95,10.98,10.99,11.0,500,1000,3300,100,1000,5900,1700,5600,1000,5800,700,500,1300,400,9700,1500,5300,400,6600,8300
114.0,10.86,49900,542221.0,10.85,10.83,10.82,10.8,10.79,10.76,10.75,10.74,10.73,10.72,10.86,10.87,10.88,10.89,10.9,10.94,10.95,10.98,10.99,11.0,500,1000,3300,100,1000,5900,1700,5600,1000,5800,700,500,1300,400,9700,1500,5300,400,6600,8300
115.0,10.86,49900,542221.0,10.85,10.83,10.82,10.8,10.79,10.76,10.75,10.74,10.73,10.72,10.86,10.87,10.89,10.9,10.94,10.95,10.98,10.99,11.0,11.02,500,700,3300,100,1000,5900,1700,5600,1000,5800,700,3500,400,9700,1500,5300,400,6600,8300,5000
116.0,10.86,49900,542221.0,10.85,10.83,10.82,10.8,10.79,10.76,10.75,10.74,10.73,10.72,10.86,10.87,10.89,10.9,10.94,10.95,10.98,10.99,11.0,11.02,500,700,3300,100,1000,5900,1700,5600,1000,5800,700,3500,400,9700,1500,5300,400,6600,8300,5000
117.0,10.86,49900,542221.0,10.85,10.83,10.82,10.8,10.79,10.76,10.75,10.74,10.73,10.72,10.86,10.87,10.89,10.9,10.94,10.95,10.98,10.99,11.0,11.02,500,700,3300,100,1000,5900,1700,5600,1000,5800,700,3500,400,9700,1500,5300,400,6600,8300,5000
118.0,10.86,49900,542221.0,10.85,10.83,10.82,10.8,10.79,10.76,10.75,10.74,10.73,10.72,10.86,10.87,10.89,10.9,10.94,10.95,10.98,10.99,11.0,11.02,500,700,3300,100,1000,5900,1700,5600,1000,5800,700,3500,400,9700,1500,5300,400,6600,8300,5000
119.0,10.86,49900,542221.0,10.85,10.83,10.82,10.8,10.79,10.76,10.75,10.74,10.73,10.72,10.86,10.87,10.89,10.9,10.94,10.95,10.98,10.99,11.0,11.02,500,700,3300,100,1000,5900,1700,5600,1000,5800,700,3500,400,9700,1500,5300,400,6600,8300,5000
120.0,10.86,49900,542221.0,10.85,10.83,10.82,10.8,10.79,10.76,10.75,10.74,10.73,10.72,10.86,10.87,10.89,10.9,10.94,10.95,10.98,10.99,11.0,11.02,500,700,3300,100,1000,5900,1700,5600,1000,5800,700,3500,400,9700,1500,5300,400,6600,8300,5000
121.0,10.85,50700,550901.0,10.84,10.83,10.82,10.8,10.79,10.76,10.75,10.74,10.73,10.72,10.87,10.89,10.9,10.94,10.95,10.98,10.99,11.0,11.02,11.04,2800,3200,3300,100,1000,5900,1700,5600,1000,5800,3500,400,9700,1500,5300,400,6600,8300,5000,3100
122.0,10.85,50700,550901.0,10.85,10.84,10.83,10.82,10.8,10.79,10.76,10.75,10.74,10.73,10.87,10.89,10.9,10.94,10.95,10.98,10.99,11.0,11.02,11.04,100,3100,3200,3300,100,1000,5900,1700,5600,1000,3500,400,9700,1500,5300,400,6600,8300,5000,3100
123.0,10.85,50700,550901.0,10.85,10.84,10.83,10.82,10.8,10.79,10.76,10.75,10.74,10.73,10.87,10.89,10.9,10.94,10.95,10.98,10.99,11.0,11.02,11.04,100,2500,3000,3300,100,1000,5900,1700,5600,1000,3500,400,9700,1500,5300,400,6600,8300,5000,3100
124.0,10.85,50700,550901.0,10.85,10.84,10.83,10.82,10.8,10.79,10.76,10.75,10.74,10.73,10.87,10.89,10.9,10.94,10.95,10.98,10.99,11.0,11.02,11.04,100,100,3000,3300,100,1000,5900,1700,5600,1000,3500,400,9700,1500,5300,400,6600,8300,5000,3100
125.0,10.87,50800,551988.0,10.85,10.84,10.83,10.82,10.8,10.79,10.76,10.75,10.74,10.73,10.87,10.89,10.9,10.94,10.95,10.98,10.99,11.0,11.02,11.04,2300,100,3000,3300,100,1000,5900,1700,5600,1000,3400,400,9700,1500,5300,400,6600,8300,5000,3100
126.0,10.87,50800,551988.0,10.85,10.84,10.83,10.82,10.8,10.79,10.76,10.75,10.74,10.73,10.87,10.89,10.9,10.94,10.95,10.98,10.99,11.0,11.02,11.04,2300,100,3000,3300,100,1000,5900,1700,5600,1000,3400,400,9700,1500,5300,400,6600,8300,5000,3100
127.0,10.87,50800,551988.0,10.85,10.84,10.83,10.82,10.8,10.79,10.76,10.75,10.74,10.73,10.87,10.89,10.9,10.94,10.95,10.98,10.99,11.0,11.02,11.04,2300,100,3000,3300,100,1000,5900,1700,5600,1000,3400,400,9700,1500,5300,400,6600,8300,5000,3100
128.0,10.87,53800,584594.0,10.86,10.85,10.84,10.83,10.82,10.8,10.79,10.76,10.75,10.74,10.87,10.89,10.9,10.94,10.95,10.98,10.99,11.0,11.02,11.04,400,2100,100,2800,3300,100,1000,5900,1700,5600,600,400,9700,1500,5300,400,6600,8300,5000,3100
129.0,10.87,53800,584594.0,10.86,10.85,10.84,10.83,10.82,10.8,10.79,10.76,10.75,10.74,10.87,10.89,10.9,10.94,10.95,10.98,10.99,11.0,11.02,11.04,400,2100,100,2800,3300,100,1000,5900,1700,5600,600,400,9700,1500,5300,400,6600,8300,5000,3100
130.0,10.87,53900,585681.0,10.86,10.85,10.84,10.83,10.82,10.8,10.79,10.76,10.75,10.74,10.87,10.89,10.9,10.94,10.95,10.98,10.99,11.0,11.02,11.04,400,2100,200,2800,3300,100,1000,5900,1700,5600,500,400,9700,1500,5300,400,6600,8300,5000,3100
131.0,10.87,54400,591116.0,10.87,10.86,10.85,10.84,10.83,10.82,10.8,10.79,10.76,10.75,10.89,10.9,10.94,10.95,10.98,10.99,11.0,11.02,11.04,11.05,500,400,2100,200,2800,3300,100,1000,5900,1700,400,9700,1500,5300,400,6600,8300,5000,3100,5000
132.0,10.87,54400,591116.0,10.87,10.86,10.85,10.84,10.83,10.82,10.8,10.79,10.76,10.75,10.89,10.9,10.94,10.95,10.98,10.99,11.0,11.02,11.04,11.05,500,400,2100,200,2800,3300,100,1000,5900,1700,400,9700,1500,5300,400,6600,8300,5000,3100,5000
133.0,10.86,55200,599809.0,10.86,10.85,10.84,10.83,10.82,10.8,10.79,10.76,10.75,10.74,10.89,10.9,10.94,10.95,10.98,10.99,11.0,11.02,11.04,11.05,100,2100,200,2800,3300,300,1000,5900,1700,5600,400,9700,1500,5300,400,6600,8300,5000,3100,5000
134.0,10.86,55200,599809.0,10.86,10.85,10.84,10.83,10.82,10.8,10.79,10.76,10.75,10.74,10.89,10.9,10.94,10.95,10.98,10.99,11.0,11.02,11.04,11.05,200,2100,200,2800,3300,300,1000,5900,1700,5600,500,9700,1500,5300,400,6600,8300,5000,3100,5000
135.0,10.86,55200,599809.0,10.86,10.85,10.84,10.83,10.82,10.8,10.79,10.76,10.75,10.74,10.89,10.9,10.94,10.95,10.98,10.99,11.0,11.02,11.04,11.05,400,2100,200,2800,3300,300,1000,5900,1700,5600,500,9700,1500,5300,400,6600,8300,5000,3100,5000
136.0,10.86,55200,599809.0,10.86,10.85,10.84,10.83,10.82,10.8,10.79,10.76,10.75,10.74,10.89,10.9,10.94,10.95,10.98,10.99,11.0,11.02,11.04,11.05,500,2100,200,2800,3300,300,1000,5900,1700,5600,700,9700,1500,5300,400,6600,8300,5000,3100,5000
137.0,10.86,55200,599809.0,10.86,10.85,10.84,10.83,10.82,10.8,10.79,10.76,10.75,10.74,10.89,10.9,10.94,10.95,10.98,10.99,11.0,11.02,11.04,11.05,500,2100,200,2800,3300,300,1000,5900,1700,5600,700,9700,1500,5300,400,6600,8300,5000,3100,5000
138.0,10.86,55200,599809.0,10.86,10.85,10.84,10.83,10.82,10.8,10.79,10.76,10.75,10.74,10.89,10.9,10.94,10.95,10.98,10.99,11.0,11.02,11.04,11.05,500,2100,200,2800,3300,300,1000,5900,1700,5600,700,9700,1500,5300,400,6600,8300,5000,3100,5000
139.0,10.86,55200,599809.0,10.86,10.85,10.84,10.83,10.82,10.8,10.79,10.76,10.75,10.74,10.89,10.9,10.94,10.95,10.98,10.99,11.0,11.02,11.04,11.05,600,2100,200,2800,3300,300,1000,5900,1700,5600,800,9700,1500,5300,400,6600,8300,5000,3100,5000
140.0,10.86,55200,599809.0,10.86,10.85,10.84,10.83,10.82,10.8,10.79,10.76,10.75,10.74,10.89,10.9,10.94,10.95,10.98,10.99,11.0,11.02,11.04,11.05,600,2100,200,2800,3300,300,1000,5900,1700,5600,800,9700,1500,5300,400,6600,8300,5000,3100,5000
141.0,10.86,55200,599809.0,10.86,10.85,10.84,10.83,10.82,10.8,10.79,10.76,10.75,10.74,10.89,10.9,10.94,10.95,10.98,10.99,11.0,11.02,11.04,11.05,700,2100,200,2800,3300,300,1000,5900,1700,5600,900,9700,1500,5300,400,6600,8300,5000,3100,5000
142.0,10.86,55200,599809.0,10.86,10.85,10.83,10.82,10.8,10.79,10.76,10.75,10.74,10.73,10.89,10.9,10.94,10.95,10.98,10.99,11.0,11.02,11.04,11.05,700,1600,2800,3300,300,1000,5900,1700,5600,1000,900,9700,1500,5300,400,6600,8300,5000,3100,5000
143.0,10.86,55200,599809.0,10.87,10.86,10.85,10.83,10.82,10.8,10.79,10.76,10.75,10.74,10.89,10.9,10.94,10.95,10.98,10.99,11.0,11.02,11.04,11.05,600,700,700,2800,3300,300,1000,5900,1700,5600,1200,9700,1500,5300,400,6600,8300,5000,3100,5000
144.0,10.89,55300,600898.0,10.87,10.86,10.85,10.83,10.82,10.8,10.79,10.76,10.75,10.74,10.88,10.89,10.9,10.94,10.95,10.98,10.99,11.0,11.02,11.04,600,700,700,2800,3300,300,1000,5900,1700,5600,1000,1100,9700,1500,5300,400,6600,8300,5000,3100
145.0,10.89,55300,600898.0,10.87,10.86,10.85,10.83,10.82,10.8,10.79,10.76,10.75,10.74,10.88,10.89,10.9,10.94,10.95,10.98,10.99,11.0,11.02,11.04,600,700,700,2800,3300,300,1000,5900,1700,5600,1800,1100,9700,1500,5300,400,6600,8300,5000,3100
146.0,10.87,55900,607420.0,10.86,10.85,10.83,10.82,10.8,10.79,10.76,10.75,10.74,10.73,10.87,10.88,10.89,10.9,10.94,10.95,10.98,10.99,11.0,11.02,1600,700,2800,3300,300,1000,5900,1700,5600,1000,100,1800,1100,9700,1500,5300,400,6600,8300,5000
147.0,10.87,55900,607420.0,10.86,10.85,10.83,10.82,10.8,10.79,10.76,10.75,10.74,10.73,10.87,10.88,10.89,10.9,10.94,10.95,10.98,10.99,11.0,11.02,1600,500,2800,3300,300,1000,5900,1700,5600,1000,100,1800,1100,9700,1500,5300,400,6600,8300,5000
148.0,10.87,55900,607420.0,10.86,10.85,10.83,10.82,10.8,10.79,10.76,10.75,10.74,10.73,10.87,10.88,10.89,10.9,10.94,10.95,10.98,10.99,11.0,11.02,1600,500,2800,3300,300,1000,5900,1700,5600,1000,100,1800,1100,9700,1500,5300,400,6600,8300,5000
149.0,10.87,55900,607420.0,10.86,10.85,10.83,10.82,10.8,10.79,10.76,10.75,10.74,10.73,10.87,10.88,10.89,10.9,10.94,10.95,10.98,10.99,11.0,11.02,1600,500,2800,3300,300,1000,5900,1700,5600,1000,100,1800,1100,9700,1500,5300,400,6600,8300,5000
150.0,10.87,55900,607420.0,10.86,10.85,10.83,10.82,10.8,10.79,10.76,10.75,10.74,10.73,10.87,10.88,10.89,10.9,10.94,10.95,10.98,10.99,11.0,11.02,1600,500,2800,3300,300,1000,5900,1700,5600,1000,100,1800,1100,9700,1500,5300,400,6600,8300,5000
151.0,10.87,55900,607420.0,10.86,10.85,10.83,10.82,10.8,10.79,10.76,10.75,10.74,10.73,10.87,10.88,10.89,10.9,10.94,10.95,10.98,10.99,11.0,11.02,1600,500,2800,3300,300,1000,5900,1700,5600,1000,100,1800,1100,9700,1500,5300,400,6600,8300,5000
152.0,10.86,56100,609592.0,10.86,10.85,10.83,10.82,10.8,10.79,10.76,10.75,10.74,10.73,10.87,10.88,10.89,10.9,10.94,10.95,10.98,10.99,11.0,11.02,1400,500,2800,3300,300,1000,5900,1700,5600,1000,100,1800,1100,9700,1500,5300,400,6600,8300,5000
153.0,10.87,56200,610679.0,10.86,10.85,10.83,10.82,10.8,10.79,10.76,10.75,10.74,10.73,10.88,10.89,10.9,10.94,10.95,10.98,10.99,11.0,11.02,11.04,1400,500,2800,3300,300,1000,5900,1700,5600,1000,1900,1100,9700,1500,5300,400,6600,8300,5000,3100
154.0,10.88,56300,611767.0,10.86,10.85,10.83,10.82,10.8,10.79,10.76,10.75,10.74,10.73,10.88,10.89,10.9,10.94,10.95,10.98,10.99,11.0,11.02,11.04,1400,500,2800,3300,300,1000,5900,1700,5600,1000,1800,1100,9700,1500,5300,400,6600,8300,5000,3100
155.0,10.88,56300,611767.0,10.86,10.85,10.83,10.82,10.8,10.79,10.76,10.75,10.74,10.73,10.88,10.89,10.9,10.94,10.95,10.98,10.99,11.0,11.02,11.04,1400,500,2800,3300,300,1000,5900,1700,5600,1000,1800,1100,9700,1500,5300,400,6600,8300,5000,3100
156.0,10.88,56300,611767.0,10.86,10.85,10.83,10.82,10.8,10.79,10.76,10.75,10.74,10.73,10.88,10.89,10.9,10.94,10.95,10.98,10.99,11.0,11.02,11.04,1400,500,2800,3300,300,1000,5900,1700,5600,1000,1800,1100,9700,1500,5300,400,6600,8300,5000,3100
157.0,10.88,56400,612855.0,10.86,10.85,10.83,10.82,10.8,10.79,10.76,10.75,10.74,10.73,10.87,10.88,10.89,10.9,10.94,10.95,10.98,10.99,11.0,11.02,1400,500,2800,3300,300,1000,5900,1700,5600,1000,800,900,1100,9700,1500,5300,400,6600,8300,5000
158.0,10.86,56600,615027.0,10.86,10.85,10.83,10.82,10.8,10.79,10.76,10.75,10.74,10.73,10.87,10.88,10.89,10.9,10.94,10.95,10.98,10.99,11.0,11.02,1200,500,2800,3300,300,1000,5900,1700,5600,1000,800,900,1100,9700,1500,5300,400,6600,8300,5000
159.0,10.86,56600,615027.0,10.86,10.85,10.83,10.82,10.8,10.79,10.76,10.75,10.74,10.73,10.87,10.88,10.89,10.9,10.94,10.95,10.98,10.99,11.0,11.02,1200,500,2800,3300,300,1000,5900,1700,5600,1000,800,900,1100,9700,1500,5300,400,6600,8300,5000
160.0,10.86,56600,615027.0,10.86,10.85,10.83,10.82,10.8,10.79,10.76,10.75,10.74,10.73,10.87,10.88,10.89,10.9,10.94,10.95,10.98,10.99,11.0,11.02,1200,500,2800,3300,300,1000,5900,1700,5600,1000,800,900,1100,9700,1500,5300,400,6600,8300,5000
161.0,10.86,56600,615027.0,10.86,10.85,10.83,10.82,10.8,10.79,10.76,10.75,10.74,10.73,10.87,10.88,10.89,10.9,10.94,10.95,10.98,10.99,11.0,11.02,1200,500,2800,3300,300,1000,5900,1700,5600,1000,800,900,1100,9700,1500,5300,400,6600,8300,5000
162.0,10.86,56600,615027.0,10.86,10.85,10.83,10.82,10.8,10.79,10.76,10.75,10.74,10.73,10.87,10.88,10.89,10.9,10.94,10.95,10.98,10.99,11.0,11.02,1200,500,2800,3300,300,1000,5900,1700,5600,1000,800,900,1100,9700,1500,5300,400,6600,8300,5000
163.0,10.86,56700,616113.0,10.86,10.85,10.83,10.82,10.8,10.79,10.76,10.75,10.74,10.73,10.87,10.88,10.89,10.9,10.94,10.95,10.98,10.99,11.0,11.02,1100,500,2800,3300,300,1000,5900,1700,5600,1000,800,900,1100,9700,1500,5300,400,6600,8300,5000
164.0,10.86,56700,616113.0,10.86,10.85,10.83,10.82,10.8,10.79,10.76,10.75,10.74,10.73,10.87,10.88,10.89,10.9,10.94,10.95,10.98,10.99,11.0,11.02,1400,500,2800,3300,300,1000,5900,1700,5600,1000,800,900,1100,9700,1500,5300,400,6600,8300,5000
165.0,10.86,56700,616113.0,10.86,10.85,10.83,10.82,10.8,10.79,10.76,10.75,10.74,10.73,10.87,10.88,10.89,10.9,10.94,10.95,10.98,10.99,11.0,11.02,1400,500,2800,3300,300,1000,5900,1700,5600,1000,800,900,1100,9700,1500,5300,400,6600,8300,5000
166.0,10.86,56800,617199.0,10.86,10.85,10.83,10.82,10.8,10.79,10.76,10.75,10.74,10.73,10.87,10.88,10.89,10.9,10.94,10.95,10.98,10.99,11.0,11.02,1300,500,2800,3300,300,1000,5900,1700,5600,1000,800,900,1100,9700,1500,5300,400,6600,8300,5000
167.0,10.86,56800,617199.0,10.86,10.85,10.83,10.82,10.8,10.79,10.76,10.75,10.74,10.73,10.87,10.88,10.89,10.9,10.94,10.95,10.98,10.99,11.0,11.02,1300,500,2800,3300,300,1000,5900,1700,5600,1000,800,900,1100,9700,1500,5300,400,6600,8300,5000
168.0,10.86,56800,617199.0,10.86,10.85,10.83,10.82,10.8,10.79,10.76,10.75,10.74,10.73,10.87,10.88,10.89,10.9,10.94,10.95,10.98,10.99,11.0,11.02,1300,500,2800,3300,300,1000,5900,1700,5600,1000,800,900,1100,9700,1500,5300,400,6600,8300,5000
169.0,10.86,57800,628059.0,10.87,10.86,10.85,10.83,10.82,10.8,10.79,10.76,10.75,10.74,10.88,10.89,10.9,10.94,10.95,10.98,10.99,11.0,11.02,11.04,100,300,500,2800,3300,300,1000,5900,1700,5600,800,1100,9700,1500,5300,400,6600,8300,5000,3100
170.0,10.86,57800,628059.0,10.87,10.86,10.85,10.83,10.82,10.8,10.79,10.76,10.75,10.74,10.88,10.89,10.9,10.94,10.95,10.98,10.99,11.0,11.02,11.04,100,300,500,2800,3300,300,1000,5900,1700,5600,800,1100,9700,1500,5300,400,6600,8300,5000,3100
171.0,10.86,57800,628059.0,10.87,10.86,10.85,10.83,10.82,10.8,10.79,10.76,10.75,10.74,10.88,10.89,10.9,10.94,10.95,10.98,10.99,11.0,11.02,11.04,100,300,500,2800,3300,300,1000,5900,1700,5600,800,1100,9700,1500,5300,400,6600,8300,5000,3100
172.0,10.86,57800,628059.0,10.87,10.86,10.85,10.83,10.82,10.8,10.79,10.76,10.75,10.74,10.88,10.89,10.9,10.94,10.95,10.98,10.99,11.0,11.02,11.04,100,300,500,2800,3300,300,1000,5900,1700,5600,800,1100,9700,1500,5300,400,6600,8300,5000,3100
173.0,10.86,57800,628059.0,10.87,10.86,10.85,10.83,10.82,10.8,10.79,10.76,10.75,10.74,10.88,10.89,10.9,10.94,10.95,10.98,10.99,11.0,11.02,11.04,100,300,500,2800,3300,500,1000,5900,1700,5600,800,1100,9700,1500,5300,400,6600,8300,5000,3100
174.0,10.87,57900,629146.0,10.86,10.85,10.83,10.82,10.8,10.79,10.76,10.75,10.74,10.73,10.87,10.88,10.89,10.9,10.94,10.95,10.98,10.99,11.0,11.02,300,500,2800,3300,500,1000,5900,1700,5600,1000,1300,800,1100,9700,1500,5300,400,6600,8300,5000
175.0,10.87,57900,629146.0,10.86,10.85,10.83,10.82,10.8,10.79,10.76,10.75,10.74,10.73,10.87,10.88,10.89,10.9,10.94,10.95,10.98,10.99,11.0,11.02,300,500,2800,3300,500,1000,5900,1700,5600,1000,1300,800,1100,9700,1500,5300,400,6600,8300,5000
176.0,10.87,58200,632407.0,10.86,10.85,10.83,10.82,10.8,10.79,10.76,10.75,10.74,10.73,10.87,10.88,10.89,10.9,10.94,10.95,10.98,10.99,11.0,11.02,300,500,2800,3300,500,1000,5900,1700,5600,1000,1000,800,1100,9700,1500,5300,400,6600,8300,5000
177.0,10.87,58200,632407.0,10.86,10.85,10.83,10.82,10.8,10.79,10.76,10.75,10.74,10.73,10.87,10.88,10.89,10.9,10.94,10.95,10.98,10.99,11.0,11.02,300,500,2800,3300,500,1000,5900,1700,5600,1000,1000,800,1100,9700,1500,5300,400,6600,8300,5000
178.0,10.87,58200,632407.0,10.86,10.85,10.83,10.82,10.8,10.79,10.76,10.75,10.74,10.73,10.87,10.88,10.89,10.9,10.94,10.95,10.98,10.99,11.0,11.02,300,500,2800,3300,500,1000,5900,1700,5600,1000,1000,800,1100,9700,1500,5300,400,6600,8300,5000
179.0,10.87,58300,633494.0,10.86,10.85,10.83,10.82,10.8,10.79,10.76,10.75,10.74,10.73,10.87,10.88,10.89,10.9,10.94,10.95,10.98,10.99,11.0,11.02,400,500,2800,3300,500,1000,5900,1700,5600,1000,900,800,1100,9700,1500,5300,400,6600,8300,5000
180.0,10.87,58400,634581.0,10.86,10.85,10.83,10.82,10.8,10.79,10.76,10.75,10.74,10.73,10.87,10.88,10.89,10.9,10.94,10.95,10.98,10.99,11.0,11.02,400,500,2800,3300,500,1000,5900,1700,5600,1000,800,800,1100,9700,1500,5300,400,6600,8300,5000
181.0,10.86,58900,640012.0,10.85,10.83,10.82,10.8,10.79,10.76,10.75,10.74,10.73,10.72,10.86,10.87,10.88,10.89,10.9,10.94,10.95,10.98,10.99,11.0,500,3800,3300,500,1000,5900,1700,5600,1000,5800,400,700,800,1100,9700,1500,5300,400,6600,8300
182.0,10.86,58900,640012.0,10.85,10.83,10.82,10.8,10.79,10.76,10.75,10.74,10.73,10.72,10.86,10.87,10.88,10.89,10.9,10.94,10.95,10.98,10.99,11.0,500,3800,3300,500,1000,5900,1700,5600,1000,5800,400,700,800,1100,9700,1500,5300,400,6600,8300
183.0,10.86,58900,640012.0,10.85,10.83,10.82,10.8,10.79,10.76,10.75,10.74,10.73,10.72,10.86,10.87,10.88,10.89,10.9,10.94,10.95,10.98,10.99,11.0,500,3800,3300,500,1000,5900,1700,5600,1000,5800,400,700,800,1100,9700,1500,5300,400,6600,8300
184.0,10.87,59900,650878.0,10.85,10.83,10.82,10.8,10.79,10.76,10.75,10.74,10.73,10.72,10.87,10.88,10.89,10.9,10.94,10.95,10.98,10.99,11.0,11.02,500,3800,3300,500,1000,5900,1700,5600,1000,5800,100,800,1100,9700,1500,5300,400,6600,8300,5000
185.0,10.87,59900,650878.0,10.85,10.83,10.82,10.8,10.79,10.76,10.75,10.74,10.73,10.72,10.87,10.88,10.89,10.9,10.94,10.95,10.98,10.99,11.0,11.02,500,3800,3300,500,1000,5900,1700,5600,1000,5800,100,800,1100,9700,1500,5300,400,6600,8300,5000
186.0,10.87,60000,651965.0,10.87,10.85,10.83,10.82,10.8,10.79,10.76,10.75,10.74,10.73,10.88,10.89,10.9,10.94,10.95,10.98,10.99,11.0,11.02,11.04,100,500,3800,3300,500,1000,5900,1700,5600,1000,800,1100,9900,1500,5300,400,6600,8300,5000,3100
187.0,10.87,60000,651965.0,10.87,10.85,10.83,10.82,10.8,10.79,10.76,10.75,10.74,10.73,10.88,10.89,10.9,10.94,10.95,10.98,10.99,11.0,11.02,11.04,100,500,3800,3300,500,1000,5900,1700,5600,1000,800,1100,9900,1500,5300,400,6600,8300,5000,3100
188.0,10.87,60000,651965.0,10.87,10.85,10.83,10.82,10.8,10.79,10.76,10.75,10.74,10.73,10.88,10.89,10.9,10.94,10.95,10.98,10.99,11.0,11.02,11.04,100,500,3800,3300,500,1000,5900,1700,5600,1000,800,1100,9900,1500,5300,400,6600,8300,5000,3100
189.0,10.87,60000,651965.0,10.87,10.85,10.83,10.82,10.8,10.79,10.76,10.75,10.74,10.73,10.88,10.89,10.9,10.94,10.95,10.98,10.99,11.0,11.02,11.04,100,500,3800,3300,500,1000,5900,1700,5600,1000,800,1100,9900,1500,5300,400,6600,8300,5000,3100
190.0,10.87,60000,651965.0,10.87,10.85,10.83,10.82,10.8,10.79,10.76,10.75,10.74,10.73,10.88,10.89,10.9,10.94,10.95,10.98,10.99,11.0,11.02,11.04,100,500,3800,3300,500,1000,5900,1700,5600,1000,800,1300,9900,1500,5300,400,6600,8300,5000,3100
191.0,10.87,60000,651965.0,10.87,10.85,10.83,10.82,10.8,10.79,10.76,10.75,10.74,10.73,10.88,10.89,10.9,10.94,10.95,10.98,10.99,11.0,11.02,11.04,100,500,3800,3300,500,1000,5900,1700,5600,1000,800,1300,9900,1500,5300,400,6600,8300,5000,3100
192.0,10.87,60000,651965.0,10.87,10.85,10.83,10.82,10.8,10.79,10.76,10.75,10.74,10.73,10.88,10.89,10.9,10.94,10.95,10.98,10.99,11.0,11.02,11.04,100,500,3800,3300,500,1000,5900,1700,5600,1000,800,1300,9900,1500,5300,400,6600,8300,5000,3100
193.0,10.87,60000,651965.0,10.87,10.85,10.83,10.82,10.8,10.79,10.76,10.75,10.74,10.73,10.88,10.89,10.9,10.94,10.95,10.98,10.99,11.0,11.02,11.04,100,500,3800,3300,500,1000,7900,1700,5600,1000,800,2100,9900,1500,5300,400,6600,8300,5000,3100
194.0,10.87,60000,651965.0,10.87,10.86,10.85,10.83,10.82,10.8,10.79,10.76,10.75,10.74,10.88,10.89,10.9,10.94,10.95,10.98,10.99,11.0,11.02,11.04,100,4600,500,3800,3300,500,1000,7900,1700,5600,800,2100,9900,1500,5300,400,6600,8300,5000,3100
195.0,10.87,60000,651965.0,10.87,10.86,10.85,10.83,10.82,10.8,10.79,10.76,10.75,10.74,10.88,10.89,10.9,10.94,10.95,10.98,10.99,11.0,11.02,11.04,100,4600,500,3800,3300,500,1000,7900,1700,5600,800,2100,9900,1500,5300,400,6600,8300,5000,3100
196.0,10.87,60000,651965.0,10.87,10.86,10.85,10.83,10.82,10.8,10.79,10.76,10.75,10.74,10.88,10.89,10.9,10.94,10.95,10.98,10.99,11.0,11.02,11.04,100,4600,500,3800,3300,500,1000,7900,1700,5600,800,2100,9900,1500,5300,400,6600,8300,5000,3100
197.0,10.87,60000,651965.0,10.87,10.86,10.85,10.83,10.82,10.8,10.79,10.76,10.75,10.74,10.88,10.89,10.9,10.94,10.95,10.98,10.99,11.0,11.02,11.04,100,4600,500,3800,3300,500,1000,7900,1700,5600,800,2100,11000,1500,5300,400,6600,8300,5000,3100
198.0,10.87,60000,651965.0,10.87,10.86,10.85,10.83,10.82,10.8,10.79,10.76,10.75,10.74,10.88,10.89,10.9,10.94,10.95,10.98,10.99,11.0,11.02,11.04,100,4600,500,3800,3300,500,1000,7900,1700,5600,800,2100,11000,1500,5300,400,6600,8300,5000,3100
199.0,10.87,60000,651965.0,10.87,10.86,10.85,10.83,10.82,10.8,10.79,10.76,10.75,10.74,10.88,10.89,10.9,10.94,10.95,10.98,10.99,11.0,11.02,11.04,100,4600,500,3800,3300,500,1000,7900,1700,5600,800,2100,11000,1500,5300,400,6600,8300,5000,3100
200.0,10.87,60000,651965.0,10.87,10.86,10.85,10.83,10.82,10.8,10.79,10.76,10.75,10.74,10.88,10.89,10.9,10.94,10.95,10.98,10.99,11.0,11.02,11.04,100,4600,500,3800,3300,500,1000,7900,1700,5600,800,2100,11000,1500,5300,400,6600,8300,5000,3100
201.0,10.87,60000,651965.0,10.87,10.86,10.85,10.83,10.82,10.8,10.79,10.76,10.75,10.74,10.88,10.89,10.9,10.94,10.95,10.98,10.99,11.0,11.02,11.04,100,4600,500,3800,3300,500,1000,7900,1700,5600,800,2100,11000,1500,5300,400,6600,8300,5000,3100
202.0,10.87,60000,651965.0,10.87,10.86,10.85,10.83,10.82,10.8,10.79,10.76,10.75,10.74,10.88,10.89,10.9,10.94,10.95,10.98,10.99,11.0,11.02,11.04,100,4600,500,3800,3300,500,1000,7900,1700,5600,800,2100,11000,1500,5300,400,6600,8300,5000,3100
203.0,10.87,60000,651965.0,10.87,10.86,10.85,10.83,10.82,10.8,10.79,10.76,10.75,10.74,10.88,10.89,10.9,10.94,10.95,10.98,10.99,11.0,11.02,11.04,100,4600,500,3800,3300,500,1000,7900,1700,5600,800,2100,11000,1500,5300,400,6600,8300,5000,3100
204.0,10.88,60300,655229.0,10.87,10.86,10.85,10.83,10.82,10.8,10.79,10.76,10.75,10.74,10.88,10.89,10.9,10.94,10.95,10.98,10.99,11.0,11.02,11.04,100,4600,500,3800,3300,500,1000,7900,1700,5600,500,2100,11000,1500,5300,400,6600,8300,5000,3100
205.0,10.88,60400,656317.0,10.87,10.86,10.85,10.83,10.82,10.8,10.79,10.76,10.75,10.74,10.88,10.89,10.9,10.94,10.95,10.98,10.99,11.0,11.02,11.04,100,4600,500,3800,3300,500,1000,7900,1700,5600,1200,1300,11000,1500,5300,400,6600,8300,5000,3100
206.0,10.88,60400,656317.0,10.87,10.86,10.85,10.83,10.82,10.8,10.79,10.76,10.75,10.74,10.88,10.89,10.9,10.94,10.95,10.98,10.99,11.0,11.02,11.04,100,4600,500,3800,3300,500,1000,7900,1700,5600,1200,1300,11000,1500,5300,400,6600,8300,5000,3100
207.0,10.88,60400,656317.0,10.87,10.86,10.85,10.83,10.82,10.8,10.79,10.76,10.75,10.74,10.88,10.89,10.9,10.94,10.95,10.98,10.99,11.0,11.02,11.04,100,4600,500,3800,3300,500,1000,7900,1700,5600,1200,1300,11000,1500,5300,400,6600,8300,5000,3100
208.0,10.88,60400,656317.0,10.87,10.86,10.85,10.83,10.82,10.8,10.79,10.76,10.75,10.74,10.88,10.89,10.9,10.94,10.95,10.98,10.99,11.0,11.02,11.04,100,4600,500,3800,3300,500,1000,7900,1700,5600,1200,1300,11000,1500,5300,400,6600,8300,5000,3100
209.0,10.88,60600,658493.0,10.87,10.86,10.85,10.83,10.82,10.8,10.79,10.76,10.75,10.74,10.88,10.89,10.9,10.94,10.95,10.98,10.99,11.0,11.02,11.04,200,4600,500,3800,3300,500,1000,7900,1700,5600,1000,1300,11000,1500,5300,400,6600,8300,5000,3100
210.0,10.88,60600,658493.0,10.87,10.86,10.85,10.83,10.82,10.8,10.79,10.76,10.75,10.74,10.88,10.89,10.9,10.94,10.95,10.98,10.99,11.0,11.02,11.04,200,4600,500,3800,3300,500,1000,7900,1700,5600,1000,1300,11000,1500,5300,400,6600,8300,5000,3100
211.0,10.88,60700,659581.0,10.87,10.86,10.85,10.83,10.82,10.8,10.79,10.76,10.75,10.74,10.88,10.89,10.9,10.94,10.95,10.98,10.99,11.0,11.02,11.04,400,4600,500,3800,3300,500,1000,7900,1700,5600,900,1300,11000,1500,5300,400,6600,8300,5000,3100
212.0,10.88,60700,659581.0,10.87,10.86,10.85,10.83,10.82,10.8,10.79,10.76,10.75,10.74,10.88,10.89,10.9,10.94,10.95,10.98,10.99,11.0,11.02,11.04,400,4600,500,3800,3300,500,1000,7900,1700,5600,900,1300,11000,1500,5300,400,6600,8300,5000,3100
213.0,10.88,60700,659581.0,10.87,10.86,10.85,10.83,10.82,10.8,10.79,10.76,10.75,10.74,10.88,10.89,10.9,10.94,10.95,10.98,10.99,11.0,11.02,11.04,400,4600,500,3800,3300,500,1000,7900,1700,5600,900,1300,11000,1500,5300,400,6600,8300,5000,3100
214.0,10.88,60700,659581.0,10.87,10.86,10.85,10.83,10.82,10.8,10.79,10.76,10.75,10.74,10.88,10.89,10.9,10.94,10.95,10.98,10.99,11.0,11.02,11.04,400,4600,500,3800,3300,500,1000,7900,1700,5600,900,1300,11000,1500,5300,400,6600,8300,5000,3100
215.0,10.88,60700,659581.0,10.87,10.86,10.85,10.83,10.82,10.8,10.79,10.76,10.75,10.74,10.88,10.89,10.9,10.94,10.95,10.98,10.99,11.0,11.02,11.04,400,4600,500,3800,3300,500,1000,7900,1700,5600,900,1300,11000,1500,5300,400,6600,8300,5000,3100
216.0,10.88,60700,659581.0,10.87,10.86,10.85,10.83,10.82,10.8,10.79,10.76,10.75,10.74,10.88,10.89,10.9,10.94,10.95,10.98,10.99,11.0,11.02,11.04,400,4600,500,3800,3300,500,1000,7900,1700,5600,900,1300,11000,1500,5300,400,6600,8300,5000,3100
217.0,10.87,61200,665016.0,10.86,10.85,10.83,10.82,10.8,10.79,10.76,10.75,10.74,10.73,10.87,10.88,10.89,10.9,10.94,10.95,10.98,10.99,11.0,11.02,4600,500,3800,3300,500,1000,7900,1700,5600,1000,300,100,1300,11000,1500,5300,400,6600,8300,5000
218.0,10.87,61200,665016.0,10.86,10.85,10.83,10.82,10.8,10.79,10.76,10.75,10.74,10.73,10.87,10.88,10.89,10.9,10.94,10.95,10.98,10.99,11.0,11.02,4600,500,3800,3300,500,1000,7900,1700,5600,1000,300,100,1300,11000,1500,5300,400,6600,8300,5000
219.0,10.86,61600,669360.0,10.86,10.85,10.83,10.82,10.8,10.79,10.76,10.75,10.74,10.73,10.87,10.88,10.89,10.9,10.94,10.95,10.98,10.99,11.0,11.02,4200,500,3800,3300,500,1000,7900,1700,5600,1000,300,100,1300,11000,1500,5300,400,6600,8300,5000
220.0,10.86,61600,669360.0,10.86,10.85,10.83,10.82,10.8,10.79,10.76,10.75,10.74,10.73,10.87,10.88,10.89,10.9,10.94,10.95,10.98,10.99,11.0,11.02,4200,500,3800,3300,500,1000,7900,1700,5600,1000,300,100,1300,11000,1500,5300,400,6600,8300,5000
221.0,10.87,62300,676965.0,10.86,10.85,10.83,10.82,10.8,10.79,10.76,10.75,10.74,10.73,10.88,10.89,10.9,10.94,10.95,10.98,10.99,11.0,11.02,11.04,3800,500,3800,3300,500,1000,7900,1700,5600,1000,100,1300,11000,1500,5300,400,6600,8300,5000,3100
222.0,10.86,62600,680223.0,10.86,10.85,10.83,10.82,10.8,10.79,10.76,10.75,10.74,10.73,10.88,10.89,10.9,10.94,10.95,10.98,10.99,11.0,11.02,11.04,3500,500,3800,3300,500,1000,7900,1700,5600,1000,100,1300,11000,1500,5300,400,6600,8300,5000,3100
223.0,10.86,62600,680223.0,10.87,10.86,10.85,10.83,10.82,10.8,10.79,10.76,10.75,10.74,10.88,10.89,10.9,10.94,10.95,10.98,10.99,11.0,11.02,11.04,500,3500,500,3800,3300,500,1000,7900,1700,5600,100,1300,11000,1500,5300,400,6600,8300,5000,3100
224.0,10.86,62600,680223.0,10.87,10.86,10.85,10.83,10.82,10.8,10.79,10.76,10.75,10.74,10.88,10.89,10.9,10.94,10.95,10.98,10.99,11.0,11.02,11.04,500,3500,500,3800,3300,500,1000,7900,1700,5600,100,1300,11100,1500,5300,400,6600,8300,5000,3100
225.0,10.86,62600,680223.0,10.87,10.86,10.85,10.83,10.82,10.8,10.79,10.76,10.75,10.74,10.88,10.89,10.9,10.94,10.95,10.98,10.99,11.0,11.02,11.04,500,3500,500,3800,3300,500,1000,7900,1700,5600,100,1300,11100,1500,5300,400,6600,8300,5000,3100
226.0,10.86,62600,680223.0,10.87,10.86,10.85,10.83,10.82,10.8,10.79,10.76,10.75,10.74,10.88,10.89,10.9,10.94,10.95,10.98,10.99,11.0,11.02,11.04,500,3500,500,3800,3300,500,1000,7900,1700,5600,100,1300,11100,1500,5300,400,6600,8300,5000,3100
227.0,10.87,62700,681310.0,10.87,10.86,10.85,10.83,10.82,10.8,10.79,10.76,10.75,10.74,10.88,10.89,10.9,10.94,10.95,10.98,10.99,11.0,11.02,11.04,400,3500,500,3800,3300,500,1000,7900,1700,5600,100,1300,11100,1500,5300,400,6600,8300,5000,3100
228.0,10.87,62700,681310.0,10.87,10.86,10.85,10.83,10.82,10.8,10.79,10.76,10.75,10.74,10.88,10.89,10.9,10.94,10.95,10.98,10.99,11.0,11.02,11.04,400,3500,500,3800,3300,500,1000,7900,1700,5600,100,1300,11100,1500,5300,400,6600,8300,5000,3100
229.0,10.87,63100,685658.0,10.86,10.85,10.83,10.82,10.8,10.79,10.76,10.75,10.74,10.73,10.87,10.88,10.89,10.9,10.94,10.95,10.98,10.99,11.0,11.02,3500,500,3800,3300,500,1000,7900,1700,5600,1000,400,100,1300,11100,1500,5300,400,6600,8300,5000
230.0,10.87,63100,685658.0,10.86,10.85,10.83,10.82,10.8,10.79,10.76,10.75,10.74,10.73,10.87,10.88,10.89,10.9,10.94,10.95,10.98,10.99,11.0,11.02,3500,500,3800,3300,500,1000,7900,1700,5600,1000,400,100,1300,11100,1500,5300,400,6600,8300,5000
231.0,10.87,63100,685658.0,10.86,10.85,10.83,10.82,10.8,10.79,10.76,10.75,10.74,10.73,10.87,10.88,10.89,10.9,10.94,10.95,10.98,10.99,11.0,11.02,3500,500,3800,3300,500,1000,7900,1700,5600,1000,400,100,1300,11100,1500,5300,400,6600,8300,5000
232.0,10.86,63400,688916.0,10.86,10.85,10.83,10.82,10.8,10.79,10.76,10.75,10.74,10.73,10.87,10.88,10.89,10.9,10.94,10.95,10.98,10.99,11.0,11.02,3200,500,3800,3300,500,1000,7900,1700,5600,1000,400,100,1300,11100,1500,5300,400,6600,8300,5000
233.0,10.87,63800,693264.0,10.87,10.86,10.85,10.83,10.82,10.8,10.79,10.76,10.75,10.74,10.88,10.89,10.9,10.94,10.95,10.98,10.99,11.0,11.02,11.04,200,3200,500,3800,3300,800,1000,7900,1700,5600,100,1300,11100,1500,5400,400,6600,8300,5000,3100
234.0,10.87,63800,693264.0,10.87,10.86,10.85,10.83,10.82,10.8,10.79,10.76,10.75,10.74,10.88,10.89,10.9,10.94,10.95,10.98,10.99,11.0,11.02,11.04,200,3200,500,3800,3300,800,1000,7900,1700,5600,100,1300,11100,1500,5400,400,6600,8300,5000,3100
235.0,10.87,63800,693264.0,10.87,10.86,10.85,10.83,10.82,10.8,10.79,10.76,10.75,10.74,10.88,10.89,10.9,10.94,10.95,10.98,10.99,11.0,11.02,11.04,200,3200,500,3800,3300,800,1000,7900,1700,5600,100,1300,11100,1500,5400,400,6600,8300,5000,3100
236.0,10.87,63800,693264.0,10.87,10.86,10.85,10.83,10.82,10.8,10.79,10.76,10.75,10.74,10.88,10.89,10.9,10.94,10.95,10.98,10.99,11.0,11.02,11.04,200,3200,500,3800,3300,800,1000,7900,1700,5600,100,1300,11100,1500,5400,400,6600,8300,5000,3100
237.0,10.87,63800,693264.0,10.87,10.86,10.85,10.83,10.82,10.8,10.79,10.76,10.75,10.74,10.88,10.89,10.9,10.94,10.95,10.98,10.99,11.0,11.02,11.04,200,3200,500,3800,3300,800,1000,7900,1700,5600,100,1300,11100,1500,5400,400,6600,8300,5000,3100
238.0,10.87,63800,693264.0,10.87,10.86,10.85,10.83,10.82,10.8,10.79,10.76,10.75,10.74,10.88,10.89,10.9,10.94,10.95,10.98,10.99,11.0,11.02,11.04,200,3200,500,3800,3300,800,1000,7900,1700,5600,100,1300,11100,1500,5400,400,6600,8300,5000,3100
239.0,10.87,63800,693264.0,10.87,10.86,10.85,10.83,10.82,10.8,10.79,10.76,10.75,10.74,10.88,10.89,10.9,10.94,10.95,10.98,10.99,11.0,11.02,11.04,200,3200,500,3800,3300,800,1000,7900,1700,5600,100,1300,11100,1500,5400,400,6600,8300,5000,3100
240.0,10.87,63800,693264.0,10.87,10.86,10.85,10.83,10.82,10.8,10.79,10.76,10.75,10.74,10.88,10.89,10.9,10.94,10.95,10.98,10.99,11.0,11.02,11.04,200,3200,500,3800,3300,800,1000,7900,1700,5600,100,1300,11100,1500,5400,400,6600,8300,5000,3100
241.0,10.87,64200,697612.0,10.86,10.85,10.83,10.82,10.8,10.79,10.76,10.75,10.74,10.73,10.87,10.88,10.89,10.9,10.94,10.95,10.98,10.99,11.0,11.02,3200,500,3800,3300,800,1000,7900,1700,5600,1000,400,100,1300,11100,1500,5400,400,6600,8300,5000
242.0,10.87,64600,701960.0,10.87,10.86,10.85,10.83,10.82,10.8,10.79,10.76,10.75,10.74,10.88,10.89,10.9,10.94,10.95,10.98,10.99,11.0,11.02,11.04,300,3200,500,3800,3300,800,1000,7900,1700,5600,100,1300,11100,1500,5400,400,6600,8300,5000,3100
243.0,10.87,64600,701960.0,10.87,10.86,10.85,10.83,10.82,10.8,10.79,10.76,10.75,10.74,10.88,10.89,10.9,10.94,10.95,10.98,10.99,11.0,11.02,11.04,300,3200,500,3800,3300,800,1000,7900,1700,5600,100,1300,11100,1500,5400,400,6600,8300,5000,3100
244.0,10.87,64600,701960.0,10.87,10.86,10.85,10.83,10.82,10.8,10.79,10.76,10.75,10.74,10.88,10.89,10.9,10.94,10.95,10.98,10.99,11.0,11.02,11.04,300,3200,500,3800,3300,800,1000,7900,1700,5600,100,1300,11100,1500,5400,400,6600,8300,5000,3100
245.0,10.87,64600,701960.0,10.87,10.86,10.85,10.83,10.82,10.8,10.79,10.76,10.75,10.74,10.88,10.89,10.9,10.92,10.94,10.95,10.98,10.99,11.0,11.02,300,3200,500,3800,3300,800,1000,7900,1700,5600,100,1300,11100,800,1500,5400,400,6600,8300,5000
246.0,10.87,64600,701960.0,10.87,10.86,10.85,10.83,10.82,10.8,10.79,10.76,10.75,10.74,10.88,10.89,10.9,10.92,10.94,10.95,10.98,10.99,11.0,11.02,300,3200,500,3800,3300,800,1000,7900,1700,5600,100,1300,11100,800,1500,5400,400,6600,8300,5000
247.0,10.87,64600,701960.0,10.87,10.86,10.85,10.83,10.82,10.8,10.79,10.76,10.75,10.74,10.88,10.89,10.9,10.92,10.94,10.95,10.98,10.99,11.0,11.02,300,3200,500,3800,3300,800,1000,7900,1700,5600,100,1300,11100,800,1500,5400,400,6600,8300,5000
248.0,10.87,64600,701960.0,10.87,10.86,10.85,10.83,10.82,10.8,10.79,10.76,10.75,10.74,10.88,10.89,10.9,10.92,10.94,10.95,10.98,10.99,11.0,11.02,300,3200,500,3800,3300,800,1000,7900,1700,5600,100,1300,11100,800,1500,5400,400,6600,8300,5000
249.0,10.87,64600,701960.0,10.87,10.86,10.85,10.83,10.82,10.8,10.79,10.76,10.75,10.74,10.88,10.89,10.9,10.92,10.94,10.95,10.98,10.99,11.0,11.02,300,3300,500,3800,3300,800,1000,7900,1700,5600,200,1300,11100,800,1500,5400,400,6600,8300,5000
250.0,10.87,64600,701960.0,10.87,10.86,10.85,10.83,10.82,10.8,10.79,10.76,10.75,10.74,10.88,10.89,10.9,10.92,10.94,10.95,10.98,10.99,11.0,11.02,400,3300,500,3800,3300,800,1000,7900,1700,5600,200,1300,11100,800,1500,5400,400,6600,8300,5000
251.0,10.87,64600,701960.0,10.87,10.86,10.85,10.83,10.82,10.8,10.79,10.76,10.75,10.74,10.88,10.89,10.9,10.92,10.94,10.95,10.98,10.99,11.0,11.02,400,3300,500,3800,3300,800,1000,7900,1700,5600,200,1300,11100,800,1500,5400,400,6600,8300,5000
252.0,10.87,64600,701960.0,10.87,10.86,10.85,10.83,10.82,10.8,10.79,10.76,10.75,10.74,10.88,10.89,10.9,10.92,10.94,10.95,10.98,10.99,11.0,11.02,400,3300,500,3800,3300,800,1000,7900,1700,5600,200,1300,11100,800,1500,5400,400,6600,8300,5000
253.0,10.87,65200,708483.0,10.86,10.85,10.83,10.82,10.8,10.79,10.76,10.75,10.74,10.73,10.87,10.88,10.89,10.9,10.92,10.94,10.95,10.98,10.99,11.0,4000,500,3800,3300,800,1000,7900,1700,5600,1000,300,100,1300,11100,800,1500,5400,400,6600,8300
254.0,10.87,65300,709570.0,10.86,10.85,10.83,10.82,10.8,10.79,10.76,10.75,10.74,10.73,10.87,10.88,10.89,10.9,10.92,10.94,10.95,10.98,10.99,11.0,4000,500,3800,3300,800,1000,7900,1700,5600,1000,200,100,1300,11100,800,1500,5400,400,6600,8300
255.0,10.87,65500,711744.0,10.87,10.86,10.85,10.83,10.82,10.8,10.79,10.76,10.75,10.74,10.88,10.89,10.9,10.92,10.94,10.95,10.98,10.99,11.0,11.02,100,4000,500,3800,3300,800,1000,7900,1700,5600,100,1300,11100,800,1500,5400,400,6600,8300,5000
256.0,10.87,65500,711744.0,10.87,10.86,10.85,10.83,10.82,10.8,10.79,10.76,10.75,10.74,10.88,10.89,10.9,10.92,10.94,10.95,10.98,10.99,11.0,11.02,100,4000,500,3800,3300,800,1000,7900,1700,5600,100,1300,11100,800,1500,5400,400,6600,8300,5000
257.0,10.87,65500,711744.0,10.87,10.86,10.85,10.83,10.82,10.8,10.79,10.76,10.75,10.74,10.88,10.89,10.9,10.92,10.94,10.95,10.98,10.99,11.0,11.02,100,4000,500,3800,3300,800,1000,7900,1700,5600,100,1300,11100,800,1500,5400,400,6600,8300,5000
258.0,10.87,65500,711744.0,10.87,10.86,10.85,10.83,10.82,10.8,10.79,10.76,10.75,10.74,10.88,10.89,10.9,10.92,10.94,10.95,10.98,10.99,11.0,11.02,100,4000,500,3800,3300,800,1000,7900,1700,5600,100,1300,11100,800,1500,5400,400,6600,8300,5000
259.0,10.87,65500,711744.0,10.87,10.86,10.85,10.83,10.82,10.8,10.79,10.76,10.75,10.74,10.88,10.89,10.9,10.92,10.94,10.95,10.98,10.99,11.0,11.02,100,4000,500,3800,3300,800,1000,7900,1700,5600,100,1300,11300,800,1500,5400,400,6600,8300,5000
260.0,10.87,65500,711744.0,10.87,10.86,10.85,10.83,10.82,10.8,10.79,10.76,10.75,10.74,10.88,10.89,10.9,10.92,10.94,10.95,10.98,10.99,11.0,11.02,100,4000,500,3800,3300,800,1000,7900,1700,5600,100,1300,11300,800,1500,5400,400,6600,8300,5000
261.0,10.87,65500,711744.0,10.87,10.86,10.85,10.83,10.82,10.8,10.79,10.76,10.75,10.74,10.88,10.89,10.9,10.92,10.94,10.95,10.98,10.99,11.0,11.02,100,4000,500,3800,3300,800,1000,7900,1700,5600,100,1300,11300,800,1500,5400,400,6600,8300,5000
262.0,10.87,65500,711744.0,10.87,10.86,10.85,10.83,10.82,10.8,10.79,10.76,10.75,10.74,10.88,10.89,10.9,10.92,10.94,10.95,10.98,10.99,11.0,11.02,100,4000,500,3800,3300,800,1000,7900,1700,5600,100,1300,11300,800,1500,5400,400,6600,8300,5000
263.0,10.87,65500,711744.0,10.87,10.86,10.85,10.83,10.82,10.8,10.79,10.76,10.75,10.74,10.88,10.89,10.9,10.92,10.94,10.95,10.98,10.99,11.0,11.02,100,4000,500,3800,3300,800,1000,7900,1700,5600,100,1300,11300,800,1500,5400,400,6600,8300,5000
264.0,10.87,65500,711744.0,10.87,10.86,10.85,10.83,10.82,10.8,10.79,10.76,10.75,10.74,10.88,10.89,10.9,10.92,10.94,10.95,10.98,10.99,11.0,11.02,100,4000,500,3800,3300,800,1000,7900,1700,5600,100,1300,11300,800,1500,5400,400,6600,8300,5000
265.0,10.87,65900,716092.0,10.86,10.85,10.83,10.82,10.8,10.79,10.76,10.75,10.74,10.73,10.87,10.88,10.89,10.9,10.92,10.94,10.95,10.98,10.99,11.0,4000,500,3800,3300,800,1000,7900,1700,5600,1000,400,100,1300,11300,800,1500,5400,400,6600,8300
266.0,10.87,66100,718266.0,10.86,10.85,10.83,10.82,10.8,10.79,10.76,10.75,10.74,10.73,10.87,10.88,10.89,10.9,10.92,10.94,10.95,10.98,10.99,11.0,4200,500,3800,3300,800,1000,7900,1700,5600,1000,200,100,1300,12900,800,1500,5400,400,6600,8300
267.0,10.87,66100,718266.0,10.86,10.85,10.83,10.82,10.8,10.79,10.76,10.75,10.74,10.73,10.87,10.88,10.89,10.9,10.92,10.94,10.95,10.98,10.99,11.0,4200,500,3800,3300,800,1000,7900,1700,5600,1000,200,100,1300,12900,800,1500,5400,400,6600,8300
268.0,10.87,66300,720440.0,10.87,10.86,10.85,10.83,10.82,10.8,10.79,10.76,10.75,10.74,10.88,10.89,10.9,10.92,10.94,10.95,10.98,10.99,11.0,11.02,200,4200,500,3800,3300,800,1000,7900,1700,5600,100,1300,12900,800,1500,5400,400,6600,8300,5000
269.0,10.87,66300,720440.0,10.87,10.86,10.85,10.83,10.82,10.8,10.79,10.76,10.75,10.74,10.88,10.89,10.9,10.92,10.94,10.95,10.98,10.99,11.0,11.02,400,4100,500,3800,3300,800,1000,7900,1700,5600,100,1300,12900,800,1500,5400,400,6600,8300,5000
270.0,10.87,66300,720440.0,10.87,10.86,10.85,10.83,10.82,10.8,10.79,10.76,10.75,10.74,10.88,10.89,10.9,10.92,10.94,10.95,10.98,10.99,11.0,11.02,400,4100,500,3800,3300,800,1000,7900,1700,5600,100,1300,12900,800,1500,5400,400,6600,8300,5000
271.0,10.87,66300,720440.0,10.87,10.86,10.85,10.83,10.82,10.8,10.79,10.76,10.75,10.74,10.88,10.89,10.9,10.92,10.94,10.95,10.98,10.99,11.0,11.02,400,4100,500,3800,3300,800,1000,7900,1700,5600,100,1300,12900,800,1500,5400,400,6600,8300,5000
272.0,10.87,66300,720440.0,10.87,10.86,10.85,10.83,10.82,10.8,10.79,10.76,10.75,10.74,10.88,10.89,10.9,10.92,10.94,10.95,10.98,10.99,11.0,11.02,400,4100,500,3800,3300,800,1000,7900,1700,5600,100,1300,12900,800,1500,5400,400,6600,8300,5000
273.0,10.87,66300,720440.0,10.87,10.86,10.85,10.83,10.82,10.8,10.79,10.76,10.75,10.74,10.88,10.89,10.9,10.92,10.94,10.95,10.98,10.99,11.0,11.02,400,4100,500,3800,3300,800,1000,7900,1700,5600,100,1300,12900,800,1500,5400,400,6600,8300,5000
274.0,10.87,66400,721527.0,10.87,10.86,10.85,10.83,10.82,10.8,10.79,10.76,10.75,10.74,10.88,10.89,10.9,10.92,10.94,10.95,10.98,10.99,11.0,11.02,300,4100,500,3800,3300,800,1000,7900,1700,5600,100,1300,12900,800,1500,5400,400,6600,8300,5000
275.0,10.87,66400,721527.0,10.87,10.86,10.85,10.83,10.82,10.8,10.79,10.76,10.75,10.74,10.88,10.89,10.9,10.92,10.94,10.95,10.98,10.99,11.0,11.02,300,4100,500,3800,3300,800,1000,7900,1700,5600,100,1300,12900,800,1500,5400,400,6600,8300,5000
276.0,10.87,66400,721527.0,10.87,10.86,10.85,10.83,10.82,10.8,10.79,10.76,10.75,10.74,10.88,10.89,10.9,10.92,10.94,10.95,10.98,10.99,11.0,11.02,300,4100,500,3800,3300,800,1000,7900,1700,5600,100,1300,12900,800,1500,5400,400,6600,8300,5000
277.0,10.87,67100,729136.0,10.86,10.85,10.83,10.82,10.8,10.79,10.76,10.75,10.74,10.73,10.87,10.88,10.89,10.9,10.92,10.94,10.95,10.98,10.99,11.0,4100,500,3800,3300,800,1000,7900,1700,5600,1000,100,100,1300,12900,800,1500,5400,400,6600,8300
278.0,10.87,67100,729136.0,10.86,10.85,10.83,10.82,10.8,10.79,10.76,10.75,10.74,10.73,10.87,10.88,10.89,10.9,10.92,10.94,10.95,10.98,10.99,11.0,4100,500,3800,3300,800,1000,7900,1700,5600,1000,100,100,1300,12900,800,1500,5400,400,6600,8300
279.0,10.86,67500,733480.0,10.86,10.85,10.83,10.82,10.8,10.79,10.76,10.75,10.74,10.73,10.87,10.88,10.89,10.9,10.92,10.94,10.95,10.98,10.99,11.0,3700,500,3800,3300,800,1000,7900,1700,5600,1000,100,100,1300,12900,800,1500,5400,400,6600,8300
280.0,10.86,67500,733480.0,10.86,10.85,10.83,10.82,10.8,10.79,10.76,10.75,10.74,10.73,10.87,10.88,10.89,10.9,10.92,10.94,10.95,10.98,10.99,11.0,3700,500,3800,3300,800,1000,7900,1700,5600,1000,100,100,1300,12900,800,1500,5400,400,6600,8300
281.0,10.86,67500,733480.0,10.86,10.85,10.83,10.82,10.8,10.79,10.76,10.75,10.74,10.73,10.87,10.88,10.89,10.9,10.92,10.94,10.95,10.98,10.99,11.0,3700,500,3800,3300,800,1000,7900,1700,5600,1000,100,100,1300,12900,800,1500,5400,400,6600,8300
282.0,10.87,67600,734567.0,10.86,10.85,10.83,10.82,10.8,10.79,10.76,10.75,10.74,10.73,10.88,10.89,10.9,10.92,10.94,10.95,10.98,10.99,11.0,11.02,3700,500,3800,3300,800,1000,7900,1700,5600,1000,100,1300,12900,800,1500,5400,400,6600,8300,5000
283.0,10.87,67600,734567.0,10.86,10.85,10.83,10.82,10.8,10.79,10.76,10.75,10.74,10.73,10.88,10.89,10.9,10.92,10.94,10.95,10.98,10.99,11.0,11.02,3700,500,3800,3300,800,1000,7900,1700,5600,1000,100,1300,12900,800,1500,5400,400,6600,8300,5000
284.0,10.87,67600,734567.0,10.86,10.85,10.83,10.82,10.8,10.79,10.76,10.75,10.74,10.73,10.88,10.89,10.9,10.92,10.94,10.95,10.98,10.99,11.0,11.02,3700,500,3800,3300,800,1000,7900,1700,5600,1000,100,1300,12900,800,1500,5400,400,6600,8300,5000
285.0,10.87,67600,734567.0,10.86,10.85,10.83,10.82,10.8,10.79,10.76,10.75,10.74,10.73,10.88,10.89,10.9,10.92,10.94,10.95,10.98,10.99,11.0,11.02,3700,500,3800,3300,800,1000,7900,1700,5600,1000,100,1300,12900,800,1500,5400,400,6600,8300,5000
286.0,10.86,68300,742169.0,10.86,10.85,10.83,10.82,10.8,10.79,10.76,10.75,10.74,10.73,10.88,10.89,10.9,10.92,10.94,10.95,10.98,10.99,11.0,11.02,3000,500,3800,3300,800,1000,7900,1700,5600,1000,100,1300,12900,800,1500,5300,400,6600,8300,5000
287.0,10.86,68600,745427.0,10.86,10.85,10.83,10.82,10.8,10.79,10.76,10.75,10.74,10.73,10.88,10.89,10.9,10.92,10.94,10.95,10.98,10.99,11.0,11.02,2700,500,3800,3300,800,1000,7900,1700,5600,1000,100,1300,12900,800,1500,5300,400,6600,8300,5000
288.0,10.86,68600,745427.0,10.86,10.85,10.83,10.82,10.8,10.79,10.76,10.75,10.74,10.73,10.88,10.89,10.9,10.92,10.94,10.95,10.98,10.99,11.0,11.02,2700,500,3800,3300,800,1000,7900,1700,5600,1000,100,1300,12900,800,1500,5300,400,6600,8300,5000
289.0,10.87,68800,747601.0,10.86,10.85,10.83,10.82,10.8,10.79,10.76,10.75,10.74,10.73,10.87,10.88,10.89,10.9,10.92,10.94,10.95,10.98,10.99,11.0,3000,500,3800,3300,800,1000,7900,1700,5600,1000,500,100,1300,12900,800,1500,5300,400,6600,8300
290.0,10.9,73000,793321.0,10.87,10.86,10.85,10.83,10.82,10.8,10.79,10.76,10.75,10.74,10.9,10.92,10.94,10.95,10.98,10.99,11.0,11.02,11.04,11.05,200,3000,500,3800,3300,800,1000,7900,1700,5600,11200,800,1500,5300,400,6600,8300,5000,3100,5000
291.0,10.9,73200,795501.0,10.87,10.86,10.85,10.83,10.82,10.8,10.79,10.76,10.75,10.74,10.9,10.92,10.94,10.95,10.98,10.99,11.0,11.02,11.04,11.05,400,3000,500,3800,3300,800,1000,7900,1700,5600,11100,800,1500,5300,400,6600,8300,5000,3100,5000
292.0,10.9,73200,795501.0,10.87,10.86,10.85,10.83,10.82,10.8,10.79,10.76,10.75,10.74,10.9,10.92,10.94,10.95,10.98,10.99,11.0,11.02,11.04,11.05,500,3000,500,3800,3300,800,1000,7900,1700,5600,11100,800,1500,5300,400,6600,8300,5000,3100,5000
293.0,10.9,73200,795501.0,10.87,10.86,10.85,10.83,10.82,10.8,10.79,10.76,10.75,10.74,10.9,10.92,10.94,10.95,10.98,10.99,11.0,11.02,11.04,11.05,500,3000,500,3800,3300,800,1000,7900,1700,5600,11100,800,1500,5300,400,6600,8300,5000,3100,5000
294.0,10.9,73200,795501.0,10.87,10.86,10.85,10.83,10.82,10.8,10.79,10.76,10.75,10.74,10.9,10.92,10.94,10.95,10.98,10.99,11.0,11.02,11.04,11.05,600,3000,500,3800,3300,800,1000,7900,1700,5600,11200,800,1500,5300,400,6600,8300,5000,3100,5000
295.0,10.9,73200,795501.0,10.87,10.86,10.85,10.83,10.82,10.8,10.79,10.76,10.75,10.74,10.9,10.92,10.94,10.95,10.98,10.99,11.0,11.02,11.04,11.05,600,3000,500,3800,3300,800,1000,7900,1700,5600,11200,800,1500,5300,400,6600,8300,5000,3100,5000
296.0,10.9,73200,795501.0,10.87,10.86,10.85,10.83,10.82,10.8,10.79,10.76,10.75,10.74,10.9,10.92,10.94,10.95,10.98,10.99,11.0,11.02,11.04,11.05,700,3000,500,3800,3300,800,1000,7900,1700,5600,11300,800,1500,5300,400,6600,8300,5000,3100,5000
297.0,10.87,73300,796588.0,10.87,10.86,10.85,10.83,10.82,10.8,10.79,10.76,10.75,10.74,10.9,10.92,10.94,10.95,10.98,10.99,11.0,11.02,11.04,11.05,600,3000,500,3800,3300,800,1000,7900,1700,5600,11300,800,1500,5300,400,6600,8300,5000,3100,5000
298.0,10.87,73300,796588.0,10.87,10.86,10.85,10.83,10.82,10.8,10.79,10.76,10.75,10.74,10.9,10.92,10.94,10.95,10.98,10.99,11.0,11.02,11.04,11.05,700,3000,500,3800,3300,800,1000,7900,1700,5600,11400,800,1500,5300,400,6600,8300,5000,3100,5000
299.0,10.9,75100,816208.0,10.87,10.86,10.85,10.83,10.82,10.8,10.79,10.76,10.75,10.74,10.9,10.92,10.94,10.95,10.98,10.99,11.0,11.02,11.04,11.05,700,3000,500,3800,3300,800,1000,7900,1700,5600,9600,800,1500,5300,400,6600,8300,5000,3100,5000
300.0,10.9,75100,816208.0,10.87,10.86,10.85,10.83,10.82,10.8,10.79,10.76,10.75,10.74,10.9,10.92,10.94,10.95,10.98,10.99,11.0,11.02,11.04,11.05,800,3000,500,3800,3300,800,1000,7900,1700,5600,9700,800,1500,5300,400,6600,8400,5000,3100,5000
301.0,10.9,76000,826018.0,10.87,10.86,10.85,10.83,10.82,10.8,10.79,10.76,10.75,10.74,10.9,10.92,10.94,10.95,10.98,10.99,11.0,11.02,11.04,11.05,800,3000,500,3800,3300,800,1000,7900,1700,5600,8800,800,1500,5300,400,6600,8400,5000,3100,5000
302.0,10.9,76000,826018.0,10.87,10.86,10.85,10.83,10.82,10.8,10.79,10.76,10.75,10.74,10.9,10.92,10.94,10.95,10.98,10.99,11.0,11.02,11.04,11.05,800,3000,500,3800,3300,800,1000,7900,1700,5600,8800,800,1500,5300,400,6600,8400,5000,3100,5000
303.0,10.9,76000,826018.0,10.87,10.86,10.85,10.83,10.82,10.8,10.79,10.76,10.75,10.74,10.9,10.92,10.94,10.95,10.98,10.99,11.0,11.02,11.04,11.05,900,3000,500,3800,3300,800,1000,7900,1700,5600,8900,800,1500,5300,400,6600,8400,5000,3100,5000
304.0,10.9,76800,834738.0,10.87,10.86,10.85,10.83,10.82,10.8,10.79,10.76,10.75,10.74,10.9,10.92,10.94,10.95,10.98,10.99,11.0,11.02,11.04,11.05,900,3000,500,3800,3300,800,1000,7900,1700,5600,8100,800,1500,5300,400,6600,8400,5000,3100,5000
305.0,10.9,76800,834738.0,10.87,10.86,10.85,10.83,10.82,10.8,10.79,10.76,10.75,10.74,10.9,10.92,10.94,10.95,10.98,10.99,11.0,11.02,11.04,11.05,1000,3000,500,3800,3300,800,1000,7900,1700,5600,8200,800,1500,5300,400,6600,8400,5000,3100,5000
306.0,10.9,76800,834738.0,10.87,10.86,10.85,10.83,10.82,10.8,10.79,10.76,10.75,10.74,10.9,10.92,10.94,10.95,10.98,10.99,11.0,11.02,11.04,11.05,1000,3000,500,3800,3300,800,1000,7900,1700,5600,8200,800,1500,5300,400,6600,8400,5000,3100,5000
307.0,10.87,76900,835825.0,10.88,10.87,10.86,10.85,10.83,10.82,10.8,10.79,10.76,10.75,10.9,10.91,10.92,10.94,10.95,10.98,10.99,11.0,11.02,11.04,300,800,2600,500,3800,3300,800,1000,7900,1700,8300,100,800,1500,5300,400,6600,8400,5000,3100
308.0,10.87,76900,835825.0,10.88,10.87,10.86,10.85,10.83,10.82,10.8,10.79,10.76,10.75,10.9,10.91,10.92,10.94,10.95,10.98,10.99,11.0,11.02,11.04,800,800,2600,500,3800,3300,800,1000,7900,1700,8300,100,800,1500,5300,400,6600,8400,5000,3100
309.0,10.88,77000,836913.0,10.88,10.87,10.86,10.85,10.83,10.82,10.8,10.79,10.76,10.75,10.9,10.91,10.92,10.94,10.95,10.98,10.99,11.0,11.02,11.04,2800,800,2600,500,3800,3300,800,1000,7900,1700,8300,100,800,1500,5300,400,6600,8400,5000,3100
310.0,10.88,77000,836913.0,10.88,10.87,10.86,10.85,10.83,10.82,10.8,10.79,10.76,10.75,10.9,10.91,10.92,10.94,10.95,10.98,10.99,11.0,11.02,11.04,2900,800,2600,500,3800,3300,800,1000,7900,1700,8300,100,800,1500,5300,400,6600,8400,5000,3100
311.0,10.88,77200,839089.0,10.88,10.87,10.86,10.85,10.83,10.82,10.8,10.79,10.76,10.75,10.9,10.91,10.92,10.94,10.95,10.98,10.99,11.0,11.02,11.04,2700,800,2600,500,3800,3300,800,1000,7900,1700,8300,100,800,1500,5300,400,6600,8400,5000,3100
312.0,10.88,77200,839089.0,10.88,10.87,10.86,10.85,10.83,10.82,10.8,10.79,10.76,10.75,10.9,10.91,10.92,10.94,10.95,10.98,10.99,11.0,11.02,11.04,2700,800,2600,500,3800,3300,800,1000,7900,1700,8300,100,800,1500,5300,400,6600,8400,5000,3100
313.0,10.9,77300,840179.0,10.88,10.87,10.86,10.85,10.83,10.82,10.8,10.79,10.76,10.75,10.9,10.91,10.92,10.94,10.95,10.98,10.99,11.0,11.02,11.04,3100,800,2600,500,3800,3300,800,1000,7900,1700,8200,100,800,1500,5300,400,6600,8400,5000,3100
314.0,10.9,77800,845623.0,10.88,10.87,10.86,10.85,10.83,10.82,10.8,10.79,10.76,10.75,10.9,10.91,10.92,10.94,10.95,10.98,10.99,11.0,11.02,11.04,2800,800,2600,500,3800,3300,800,1000,7900,1700,8000,100,800,1500,5300,400,6600,8400,5000,3100
315.0,10.9,77800,845623.0,10.88,10.87,10.86,10.85,10.83,10.82,10.8,10.79,10.76,10.75,10.9,10.91,10.92,10.94,10.95,10.98,10.99,11.0,11.02,11.04,2800,800,2600,500,3800,3300,800,1000,7900,1700,8000,100,800,1500,5300,400,6600,8400,5000,3100
316.0,10.9,77800,845623.0,10.88,10.87,10.86,10.85,10.83,10.82,10.8,10.79,10.76,10.75,10.9,10.91,10.92,10.94,10.95,10.98,10.99,11.0,11.02,11.04,2800,800,2600,500,3800,3300,800,1000,7900,1700,8000,100,800,1500,5300,400,6600,8400,5000,3100
317.0,10.88,78000,847799.0,10.88,10.87,10.86,10.85,10.83,10.82,10.8,10.79,10.76,10.75,10.9,10.91,10.92,10.94,10.95,10.98,10.99,11.0,11.02,11.04,2600,800,2600,500,3800,3300,800,1000,7900,1700,8000,100,800,1500,5300,400,6600,8400,5000,3100
318.0,10.88,78500,853243.0,10.88,10.87,10.86,10.85,10.83,10.82,10.8,10.79,10.76,10.75,10.9,10.92,10.94,10.95,10.98,10.99,11.0,11.02,11.04,11.05,2700,1200,2600,500,3800,3300,800,1000,7900,1700,7800,800,1500,5300,400,6600,8400,5000,3100,5000
319.0,10.88,78500,853243.0,10.88,10.87,10.86,10.85,10.83,10.82,10.8,10.79,10.76,10.75,10.9,10.92,10.94,10.95,10.98,10.99,11.0,11.02,11.04,11.05,2700,1200,2600,500,3800,3300,800,1000,7900,1700,7800,800,1500,5300,400,6600,8400,5000,3100,5000
320.0,10.88,79000,858683.0,10.88,10.87,10.86,10.85,10.83,10.82,10.8,10.79,10.76,10.75,10.89,10.9,10.92,10.94,10.95,10.98,10.99,11.0,11.02,11.04,2200,800,2600,500,3800,3300,800,1000,7900,1700,100,7900,800,1500,5300,400,6600,8400,5000,3100
321.0,10.88,79400,863035.0,10.88,10.87,10.86,10.85,10.83,10.82,10.8,10.79,10.76,10.75,10.89,10.9,10.92,10.94,10.95,10.98,10.99,11.0,11.02,11.04,1800,800,2600,500,3800,3300,800,1000,7900,1700,100,7900,800,1500,5300,400,6600,8400,5000,3100
322.0,10.9,82900,901184.0,10.88,10.87,10.86,10.85,10.83,10.82,10.8,10.79,10.76,10.75,10.9,10.92,10.94,10.95,10.98,10.99,11.0,11.02,11.04,11.05,1800,800,2600,500,3800,3300,800,1000,7900,1700,4500,800,1500,5300,400,6600,8400,5000,3100,5000
323.0,10.9,82900,901184.0,10.88,10.87,10.86,10.85,10.83,10.82,10.8,10.79,10.76,10.75,10.9,10.92,10.94,10.95,10.98,10.99,11.0,11.02,11.04,11.05,1800,800,2600,500,3800,3300,800,1000,7900,1700,4500,800,1500,5300,400,6600,8400,5000,3100,5000
324.0,10.88,83000,902272.0,10.88,10.87,10.86,10.85,10.83,10.82,10.8,10.79,10.76,10.75,10.9,10.92,10.94,10.95,10.98,10.99,11.0,11.02,11.04,11.05,1700,800,2600,500,3800,3300,800,1000,7900,1700,4500,800,1500,5300,400,6600,8400,5000,3100,5000
325.0,10.88,83100,903360.0,10.88,10.87,10.86,10.85,10.83,10.82,10.8,10.79,10.76,10.75,10.9,10.92,10.94,10.95,10.98,10.99,11.0,11.02,11.04,11.05,1600,800,2600,500,3800,3300,800,1000,7900,1700,4500,800,1500,5300,400,6600,8400,5000,3100,5000
326.0,10.88,83100,903360.0,10.88,10.87,10.86,10.85,10.83,10.82,10.8,10.79,10.76,10.75,10.9,10.92,10.94,10.95,10.98,10.99,11.0,11.02,11.04,11.05,1600,800,2600,500,3800,3300,800,1000,7900,1700,4500,800,1500,5300,400,6600,8400,5000,3100,5000
327.0,10.88,83200,904448.0,10.89,10.88,10.87,10.86,10.85,10.83,10.82,10.8,10.79,10.76,10.9,10.92,10.94,10.95,10.98,10.99,11.0,11.02,11.04,11.05,300,1500,800,2400,500,3500,3300,800,1000,7900,4500,800,1500,5300,400,6600,8400,5000,3100,5000
328.0,10.88,83200,904448.0,10.89,10.88,10.87,10.86,10.85,10.83,10.82,10.8,10.79,10.76,10.9,10.92,10.94,10.95,10.98,10.99,11.0,11.02,11.04,11.05,300,1500,800,2400,500,3500,3300,800,1000,7900,4500,800,1500,5300,400,6600,8400,5000,3100,5000
329.0,10.9,87300,949138.0,10.89,10.88,10.87,10.86,10.85,10.83,10.82,10.8,10.79,10.76,10.9,10.92,10.94,10.95,10.98,10.99,11.0,11.02,11.04,11.05,800,1500,800,2400,500,3500,3300,800,1000,7900,400,800,1500,5300,400,6600,8400,5000,3100,5000
330.0,10.95,91300,992879.0,10.9,10.89,10.88,10.87,10.86,10.85,10.83,10.82,10.8,10.79,10.94,10.95,10.98,10.99,11.0,11.02,11.04,11.05,11.06,11.08,200,800,1500,800,2400,100,3500,3300,800,1000,3000,4300,400,6600,8400,5000,3100,5000,7000,5000
331.0,10.94,91400,993973.0,10.9,10.89,10.88,10.87,10.86,10.85,10.83,10.82,10.8,10.79,10.94,10.95,10.98,10.99,11.0,11.02,11.04,11.05,11.06,11.08,500,800,1500,800,2400,100,3500,3300,800,1000,3200,4300,400,6600,8400,5000,3100,5000,7000,5000
332.0,10.94,91700,997251.0,10.9,10.89,10.88,10.87,10.86,10.83,10.82,10.8,10.79,10.76,10.94,10.95,10.98,10.99,11.0,11.02,11.04,11.05,11.06,11.08,400,800,1400,800,2400,3500,3300,800,1000,7900,3000,4300,400,6600,8400,5000,3100,5000,7000,5000
333.0,10.94,91700,997251.0,10.91,10.9,10.89,10.88,10.87,10.86,10.83,10.82,10.8,10.79,10.94,10.95,10.98,10.99,11.0,11.02,11.04,11.05,11.06,11.08,100,500,800,600,800,2400,3500,3300,800,1000,3100,4300,400,6600,8400,5000,3100,5000,7000,5000
334.0,10.94,91700,997251.0,10.91,10.9,10.89,10.88,10.87,10.86,10.83,10.82,10.8,10.79,10.94,10.95,10.98,10.99,11.0,11.02,11.04,11.05,11.06,11.08,200,500,800,600,800,2400,3500,3300,800,1000,3200,4300,400,6600,8400,5000,3100,5000,7000,5000
335.0,10.94,91700,997251.0,10.91,10.9,10.89,10.88,10.87,10.86,10.83,10.82,10.8,10.79,10.94,10.95,10.98,10.99,11.0,11.02,11.04,11.05,11.06,11.08,400,500,800,600,800,2400,3500,3300,800,1000,3300,4300,400,6600,8400,5000,3100,5000,7000,5000
336.0,10.94,91700,997251.0,10.91,10.9,10.89,10.88,10.87,10.86,10.83,10.82,10.8,10.79,10.94,10.95,10.98,10.99,11.0,11.02,11.04,11.05,11.06,11.08,400,500,800,600,800,2400,3500,3300,800,1000,3300,4300,400,6600,8400,5000,3100,5000,7000,5000
337.0,10.94,91700,997251.0,10.91,10.9,10.89,10.88,10.87,10.86,10.83,10.82,10.8,10.79,10.94,10.95,10.98,10.99,11.0,11.02,11.04,11.05,11.06,11.08,500,500,800,600,800,2400,3500,3300,800,1000,3400,4300,400,6600,8400,5000,3100,5000,7000,5000
338.0,10.94,91700,997251.0,10.91,10.9,10.89,10.88,10.87,10.86,10.83,10.82,10.8,10.79,10.94,10.95,10.98,10.99,11.0,11.02,11.04,11.05,11.06,11.08,600,500,800,600,800,2400,3500,3300,800,1000,3500,4300,400,6600,8400,5000,4100,5000,7000,5000
339.0,10.94,91900,999439.0,10.91,10.9,10.89,10.88,10.87,10.86,10.83,10.82,10.8,10.79,10.94,10.95,10.98,10.99,11.0,11.02,11.04,11.05,11.06,11.08,700,500,800,600,800,2400,3500,3300,800,1000,3400,4300,400,6600,8400,5000,4100,5000,7000,5000
340.0,10.94,91900,999439.0,10.91,10.9,10.89,10.88,10.87,10.86,10.83,10.82,10.8,10.79,10.94,10.95,10.98,10.99,11.0,11.02,11.04,11.05,11.06,11.08,800,500,800,600,800,2400,3500,3300,800,1000,3500,4300,400,6600,8400,5000,4100,5000,7000,5000
341.0,10.94,91900,999439.0,10.91,10.9,10.89,10.88,10.87,10.86,10.83,10.82,10.8,10.79,10.94,10.95,10.98,10.99,11.0,11.02,11.04,11.05,11.06,11.08,900,500,800,600,800,2400,3500,3300,800,1000,3600,4300,400,6600,8400,5000,4100,5000,7000,5000
342.0,10.94,91900,999439.0,10.91,10.9,10.89,10.88,10.87,10.86,10.83,10.82,10.8,10.79,10.94,10.95,10.98,10.99,11.0,11.02,11.04,11.05,11.06,11.08,1000,500,800,600,800,2400,3500,3300,800,1000,3700,4300,400,6600,8400,5000,4100,5000,7000,5000
343.0,10.91,92000,1000530.0,10.91,10.9,10.89,10.88,10.87,10.86,10.83,10.82,10.8,10.79,10.94,10.95,10.98,10.99,11.0,11.02,11.04,11.05,11.06,11.08,900,500,800,600,800,2400,3500,3300,800,1000,3700,4300,400,6600,8400,5000,4100,5000,7000,5000
344.0,10.91,92800,1009279.0,10.91,10.9,10.89,10.88,10.87,10.86,10.83,10.82,10.8,10.79,10.94,10.95,10.98,10.99,11.0,11.02,11.04,11.05,11.06,11.08,800,500,800,600,800,2400,3500,3300,800,1000,3000,4300,400,6600,8400,5000,4100,5000,7000,5000
345.0,10.94,94600,1028971.0,10.91,10.9,10.89,10.88,10.87,10.86,10.83,10.82,10.8,10.79,10.94,10.95,10.98,10.99,11.0,11.02,11.04,11.05,11.06,11.08,900,500,800,600,800,2400,3500,3300,800,1000,1300,4300,400,6600,8400,5000,4100,5000,7000,5000
346.0,10.94,94600,1028971.0,10.91,10.9,10.89,10.88,10.87,10.86,10.83,10.82,10.8,10.79,10.94,10.95,10.98,10.99,11.0,11.02,11.04,11.05,11.06,11.08,900,500,800,600,800,2400,3500,3300,800,1000,1300,4300,400,6600,8400,5000,4100,5000,7000,5000
347.0,10.94,94600,1028971.0,10.91,10.9,10.89,10.88,10.87,10.86,10.83,10.82,10.8,10.79,10.94,10.95,10.98,10.99,11.0,11.02,11.04,11.05,11.06,11.08,900,500,800,600,800,2400,3500,3300,800,1000,1400,4300,400,6600,8400,5000,4100,5000,7000,5000
348.0,10.94,94600,1028971.0,10.91,10.9,10.89,10.88,10.87,10.86,10.83,10.82,10.8,10.79,10.94,10.95,10.98,10.99,11.0,11.02,11.04,11.05,11.06,11.08,1000,500,800,600,800,2400,3500,3300,800,1000,1400,4300,400,6600,8400,5000,4100,5000,7000,5000
349.0,10.91,94700,1030062.0,10.91,10.9,10.89,10.88,10.87,10.86,10.83,10.82,10.8,10.79,10.94,10.95,10.98,10.99,11.0,11.02,11.04,11.05,11.06,11.08,900,500,800,600,800,2400,3500,3300,800,1000,1400,4300,400,6600,8400,5000,4100,5000,7000,5000
350.0,10.91,94700,1030062.0,10.91,10.9,10.89,10.88,10.87,10.86,10.83,10.82,10.8,10.79,10.94,10.95,10.98,10.99,11.0,11.02,11.04,11.05,11.06,11.08,1000,700,800,600,800,2400,3500,3300,800,1000,1500,4300,400,6600,8400,5000,4100,5000,7000,5000
351.0,10.91,94700,1030062.0,10.91,10.9,10.89,10.88,10.87,10.86,10.83,10.82,10.8,10.79,10.94,10.95,10.98,10.99,11.0,11.02,11.04,11.05,11.06,11.08,1000,700,800,600,800,2400,2500,3300,800,1000,1500,4300,400,6600,8400,5000,4100,5000,7000,5000
352.0,10.91,94700,1030062.0,10.91,10.9,10.89,10.88,10.87,10.86,10.83,10.82,10.8,10.79,10.94,10.95,10.98,10.99,11.0,11.02,11.04,11.05,11.06,11.08,1000,700,800,600,800,2400,2500,3300,800,1000,1500,4300,400,6600,8400,5000,4100,5000,7000,5000
353.0,10.91,95800,1042063.0,10.9,10.89,10.88,10.87,10.86,10.83,10.82,10.8,10.79,10.76,10.94,10.95,10.98,10.99,11.0,11.02,11.04,11.05,11.06,11.08,700,800,600,800,2400,2500,3300,800,1000,7900,1600,4300,400,6600,8400,5000,4100,5000,7000,5000
354.0,10.91,95800,1042063.0,10.91,10.9,10.89,10.88,10.87,10.86,10.83,10.82,10.8,10.79,10.94,10.95,10.98,10.99,11.0,11.02,11.04,11.05,11.06,11.08,1300,1000,800,600,800,1800,2500,3300,800,1000,1900,4300,400,5400,8400,5000,4100,5000,7000,5000
355.0,10.91,95800,1042063.0,10.91,10.9,10.89,10.88,10.87,10.86,10.83,10.82,10.8,10.79,10.94,10.95,10.98,10.99,11.0,11.02,11.04,11.05,11.06,11.08,1400,1000,800,600,800,1800,2500,3300,800,1000,1900,4300,400,5400,8400,5000,4100,5000,7000,5000
356.0,10.91,96200,1046436.0,10.91,10.9,10.89,10.88,10.87,10.86,10.83,10.82,10.8,10.79,10.94,10.95,10.98,10.99,11.0,11.02,11.04,11.05,11.06,11.08,1400,1000,800,600,800,1800,2500,3300,800,1000,1700,4300,400,5400,8400,5000,4100,5000,7000,5000
357.0,10.91,96200,1046436.0,10.91,10.9,10.89,10.88,10.87,10.86,10.83,10.82,10.8,10.79,10.94,10.95,10.98,10.99,11.0,11.02,11.04,11.05,11.06,11.08,1400,1000,800,600,800,1800,2500,3300,800,1000,1700,4300,400,5400,8400,5000,4100,5000,7000,5000
358.0,10.91,96200,1046436.0,10.91,10.9,10.89,10.88,10.87,10.86,10.83,10.82,10.8,10.79,10.94,10.95,10.98,10.99,11.0,11.02,11.04,11.05,11.06,11.08,1500,1000,800,600,800,1800,2500,3300,800,1000,1800,4300,400,5400,8400,5000,4100,5000,7000,5000
359.0,10.91,96300,1047527.0,10.91,10.9,10.89,10.88,10.87,10.86,10.83,10.82,10.8,10.79,10.94,10.95,10.98,10.99,11.0,11.02,11.04,11.05,11.06,11.08,1000,1000,800,600,800,1800,2500,3300,800,1000,1800,4300,400,5400,8400,5000,4100,5000,7000,5000
360.0,10.91,96300,1047527.0,10.91,10.9,10.89,10.88,10.87,10.86,10.83,10.82,10.8,10.79,10.94,10.95,10.98,10.99,11.0,11.02,11.04,11.05,11.06,11.08,1000,1000,800,600,800,1800,2500,3300,800,1000,1800,4300,400,5400,8400,5000,4100,5000,7000,5000
361.0,10.91,96300,1047527.0,10.91,10.9,10.89,10.88,10.87,10.86,10.83,10.82,10.8,10.79,10.94,10.95,10.98,10.99,11.0,11.02,11.04,11.05,11.06,11.08,1100,1000,800,600,800,1800,2500,3300,800,1000,1900,4300,400,5400,8400,5000,4100,5000,7000,5000
362.0,10.91,96500,1049709.0,10.91,10.9,10.89,10.88,10.87,10.86,10.83,10.82,10.8,10.79,10.94,10.95,10.98,10.99,11.0,11.02,11.04,11.05,11.06,11.08,1100,1000,800,600,800,1800,2500,3300,800,1000,1900,4300,400,5400,8400,5000,4100,5000,7000,5000
363.0,10.91,96500,1049709.0,10.91,10.9,10.89,10.88,10.87,10.86,10.83,10.82,10.8,10.79,10.94,10.95,10.98,10.99,11.0,11.02,11.04,11.05,11.06,11.08,1200,1000,800,600,800,1800,2500,3300,800,1000,2000,4300,400,5400,8400,5000,4100,5000,7000,5000
364.0,10.91,96500,1049709.0,10.91,10.9,10.89,10.88,10.87,10.86,10.83,10.82,10.8,10.79,10.93,10.94,10.95,10.98,10.99,11.0,11.02,11.04,11.05,11.06,1200,1000,800,600,800,1800,2500,3300,800,1000,3000,2100,4300,400,5400,8400,5000,4100,5000,7000
365.0,10.91,96500,1049709.0,10.91,10.9,10.89,10.88,10.87,10.86,10.83,10.82,10.8,10.79,10.93,10.94,10.95,10.98,10.99,11.0,11.02,11.04,11.05,11.06,1300,1100,800,600,800,1800,2500,3300,800,1000,3200,2200,4300,400,5400,8400,5000,4100,5000,7000
366.0,10.91,96600,1050800.0,10.91,10.9,10.89,10.88,10.87,10.86,10.83,10.82,10.8,10.79,10.93,10.94,10.95,10.98,10.99,11.0,11.02,11.04,11.05,11.06,1200,1100,800,600,800,1800,2500,3300,800,1000,3200,2200,4300,400,5400,8400,5000,4100,5000,7000
367.0,10.91,96800,1052982.0,10.91,10.9,10.89,10.88,10.87,10.86,10.83,10.82,10.8,10.79,10.93,10.94,10.95,10.98,10.99,11.0,11.02,11.04,11.05,11.06,1000,1100,800,600,800,1800,2500,3300,800,1000,3200,2200,4300,400,5400,8400,5000,4100,5000,7000
368.0,10.91,96800,1052982.0,10.91,10.9,10.89,10.88,10.87,10.86,10.83,10.82,10.8,10.79,10.93,10.94,10.95,10.98,10.99,11.0,11.02,11.04,11.05,11.06,900,1100,800,600,800,1800,2500,3300,800,1000,3200,2200,4300,400,5400,8400,5000,4100,5000,7000
369.0,10.91,96800,1052982.0,10.91,10.9,10.89,10.88,10.87,10.86,10.83,10.82,10.8,10.79,10.93,10.94,10.95,10.98,10.99,11.0,11.02,11.04,11.05,11.06,900,1100,800,600,800,1800,2500,3300,800,1000,3200,2200,4300,400,5400,8400,5000,4100,5000,7000
370.0,10.91,96800,1052982.0,10.91,10.9,10.89,10.88,10.87,10.86,10.83,10.82,10.8,10.79,10.93,10.94,10.95,10.99,11.0,11.02,11.04,11.05,11.06,11.08,900,1100,800,600,800,1800,2500,3300,800,1000,3200,2200,4300,5400,8400,5000,4100,5000,7000,5000
371.0,10.91,96800,1052982.0,10.91,10.9,10.89,10.88,10.87,10.86,10.83,10.82,10.8,10.79,10.93,10.94,10.95,10.99,11.0,11.02,11.04,11.05,11.06,11.08,900,1100,800,600,800,1800,2500,3300,800,1000,3200,2200,4300,5400,8400,5000,4100,5000,7000,5000
372.0,10.91,96800,1052982.0,10.91,10.9,10.89,10.88,10.87,10.86,10.83,10.82,10.8,10.79,10.93,10.94,10.95,10.99,11.0,11.02,11.04,11.05,11.06,11.08,900,1100,800,600,800,1800,2500,3300,800,1000,3200,2200,4300,5400,8400,5000,4100,5000,7000,5000
373.0,10.91,96800,1052982.0,10.91,10.9,10.89,10.88,10.87,10.86,10.83,10.82,10.8,10.79,10.93,10.94,10.95,10.99,11.0,11.02,11.04,11.05,11.06,11.08,900,1100,800,600,800,1800,2500,3300,800,1000,3200,2200,4300,5400,8400,5000,4100,5000,7000,5000
374.0,10.91,96800,1052982.0,10.91,10.9,10.89,10.88,10.87,10.86,10.83,10.82,10.8,10.79,10.93,10.94,10.95,10.99,11.0,11.02,11.04,11.05,11.06,11.08,900,1100,800,600,800,1800,2500,3300,800,1000,3200,2200,4300,5400,8400,5000,4100,5000,7000,5000
375.0,10.91,96800,1052982.0,10.91,10.9,10.89,10.88,10.87,10.86,10.83,10.82,10.8,10.79,10.93,10.94,10.95,10.99,11.0,11.02,11.04,11.05,11.06,11.08,900,1100,800,600,800,1800,2500,3300,800,1000,3200,2200,4300,5400,8400,5000,4100,5000,7000,5000
376.0,10.91,97000,1055164.0,10.91,10.9,10.89,10.88,10.87,10.86,10.83,10.82,10.8,10.79,10.93,10.94,10.95,10.99,11.0,11.02,11.04,11.05,11.06,11.08,700,1100,800,600,800,1800,2500,3300,800,1000,3200,2200,4300,5400,8400,5000,4100,5000,7000,5000
377.0,10.91,97000,1055164.0,10.91,10.9,10.89,10.88,10.87,10.86,10.83,10.82,10.8,10.79,10.93,10.94,10.95,10.99,11.0,11.02,11.04,11.05,11.06,11.08,700,1100,800,600,800,1800,2500,3300,800,1000,3200,2200,4300,5400,8400,5000,4100,5000,7000,5000
378.0,10.91,97000,1055164.0,10.91,10.9,10.89,10.88,10.87,10.86,10.83,10.82,10.8,10.79,10.93,10.94,10.95,10.99,11.0,11.02,11.04,11.05,11.06,11.08,700,1100,800,600,800,1800,2500,3300,800,1000,3200,2200,4300,5400,8400,5000,4100,5000,7000,5000
379.0,10.91,97100,1056255.0,10.91,10.9,10.89,10.88,10.87,10.86,10.83,10.82,10.8,10.79,10.92,10.93,10.94,10.95,10.99,11.0,11.02,11.04,11.05,11.06,600,1100,800,600,800,1800,2500,3300,800,1000,600,3200,2100,4300,5400,8400,5000,4100,5000,7000
380.0,10.91,97100,1056255.0,10.91,10.9,10.89,10.88,10.87,10.86,10.83,10.82,10.8,10.79,10.92,10.93,10.94,10.95,10.99,11.0,11.02,11.04,11.05,11.06,600,1100,800,600,800,1800,2500,3300,800,1000,600,3200,2100,4300,5400,8400,5000,4100,5000,7000
381.0,10.91,97100,1056255.0,10.91,10.9,10.89,10.88,10.87,10.86,10.83,10.82,10.8,10.79,10.92,10.93,10.94,10.95,10.99,11.0,11.02,11.04,11.05,11.06,600,1100,800,600,800,1800,2500,3300,800,1000,600,3200,2100,4300,5400,8400,5000,4100,5000,7000
382.0,10.91,97100,1056255.0,10.91,10.9,10.89,10.88,10.87,10.86,10.83,10.82,10.8,10.79,10.92,10.93,10.94,10.95,10.99,11.0,11.02,11.04,11.05,11.06,600,1100,500,600,800,1800,2500,3300,800,1000,600,3200,2100,4300,5400,8400,5000,4100,5000,7000
383.0,10.91,97400,1059528.0,10.91,10.9,10.89,10.88,10.87,10.86,10.83,10.82,10.8,10.79,10.92,10.93,10.94,10.95,10.99,11.0,11.02,11.04,11.05,11.06,300,1100,500,600,800,1800,2500,3300,800,1000,600,3200,2100,4300,5400,8400,5000,4100,5000,7000
384.0,10.91,97400,1059528.0,10.91,10.9,10.89,10.88,10.87,10.86,10.83,10.82,10.8,10.79,10.92,10.93,10.94,10.95,10.99,11.0,11.02,11.04,11.05,11.06,300,1100,500,600,800,1800,2500,3300,800,1000,600,3200,2100,4200,5400,8400,5000,4100,5000,7000
385.0,10.91,97500,1060619.0,10.91,10.9,10.89,10.88,10.87,10.86,10.83,10.82,10.8,10.79,10.92,10.93,10.94,10.95,10.99,11.0,11.02,11.04,11.05,11.06,200,1100,500,600,800,1800,2500,3300,800,1000,600,3200,2100,4200,5400,8400,5000,4100,5000,7000
386.0,10.91,97500,1060619.0,10.91,10.9,10.89,10.88,10.87,10.86,10.83,10.82,10.8,10.79,10.92,10.93,10.94,10.95,10.99,11.0,11.02,11.04,11.05,11.06,200,1100,500,600,800,1800,2500,3300,800,1000,600,3200,2100,4200,5400,8400,5000,4100,5000,7000
387.0,10.91,97500,1060619.0,10.91,10.9,10.89,10.88,10.87,10.86,10.83,10.82,10.8,10.79,10.92,10.93,10.94,10.95,10.99,11.0,11.02,11.04,11.05,11.06,200,1100,500,600,800,1800,2500,3300,800,1000,600,3200,2100,4200,5400,8400,5000,4100,5000,7000
388.0,10.91,97500,1060619.0,10.91,10.9,10.89,10.88,10.87,10.86,10.83,10.82,10.8,10.79,10.92,10.93,10.94,10.95,10.99,11.0,11.02,11.04,11.05,11.06,200,1100,500,600,800,1800,2500,3300,800,1000,600,3200,2100,4200,5400,8400,5000,4100,5000,7000
389.0,10.91,97500,1060619.0,10.91,10.9,10.89,10.88,10.87,10.86,10.83,10.82,10.8,10.79,10.92,10.93,10.94,10.95,10.99,11.0,11.02,11.04,11.05,11.06,200,1100,500,600,800,1800,2500,3300,800,1000,600,3200,2100,4200,5400,8400,5000,4100,5000,7000
390.0,10.91,97500,1060619.0,10.91,10.9,10.89,10.88,10.87,10.86,10.83,10.82,10.8,10.79,10.92,10.93,10.94,10.95,10.99,11.0,11.02,11.04,11.05,11.06,200,1100,500,600,800,1800,2500,3300,800,1000,600,3200,2100,4200,5400,8400,5000,4100,5000,7000
391.0,10.91,97500,1060619.0,10.91,10.9,10.89,10.88,10.87,10.86,10.83,10.82,10.8,10.79,10.92,10.93,10.94,10.95,10.99,11.0,11.02,11.04,11.05,11.06,200,1200,500,600,800,1800,2500,3300,800,1000,600,3200,2100,4200,5400,8400,5000,4100,5000,7000
392.0,10.91,97500,1060619.0,10.91,10.9,10.89,10.88,10.87,10.86,10.83,10.82,10.8,10.79,10.92,10.93,10.94,10.95,10.99,11.0,11.02,11.04,11.05,11.06,200,1800,500,600,800,1800,2500,3300,800,1000,600,3200,2100,4200,5400,8400,5000,4100,5000,7000
393.0,10.91,97500,1060619.0,10.91,10.9,10.89,10.88,10.87,10.86,10.83,10.82,10.8,10.79,10.92,10.93,10.94,10.95,10.99,11.0,11.02,11.04,11.05,11.06,200,1800,500,600,800,1800,2500,3300,800,1000,600,3200,2100,4200,5400,8400,5000,4100,5000,7000
394.0,10.91,97500,1060619.0,10.91,10.9,10.89,10.88,10.87,10.86,10.83,10.82,10.8,10.79,10.92,10.93,10.94,10.95,10.99,11.0,11.02,11.04,11.05,11.06,200,2400,500,600,800,1800,2500,3300,800,1000,600,3200,2100,4200,5400,8400,5000,4100,5000,7000
395.0,10.91,97500,1060619.0,10.91,10.9,10.89,10.88,10.87,10.86,10.83,10.82,10.8,10.79,10.92,10.93,10.94,10.95,10.99,11.0,11.02,11.04,11.05,11.06,500,2800,500,600,800,1800,2500,3300,800,1000,600,3200,2100,4200,5400,8400,5000,4100,5000,7000
396.0,10.91,97800,1063892.0,10.91,10.9,10.89,10.88,10.87,10.86,10.83,10.82,10.8,10.79,10.92,10.93,10.94,10.95,10.99,11.0,11.02,11.04,11.05,11.06,500,2800,500,600,800,1800,2500,3300,800,1000,600,3200,2100,4200,5400,8400,5000,4100,5000,7000
397.0,10.91,97800,1063892.0,10.91,10.9,10.89,10.88,10.87,10.86,10.83,10.82,10.8,10.79,10.92,10.93,10.94,10.95,10.99,11.0,11.02,11.04,11.05,11.06,500,2800,500,600,800,1800,2500,3300,800,1000,600,3200,2100,4200,5400,8400,5000,4100,5000,7000
398.0,10.91,98300,1069347.0,10.9,10.89,10.88,10.87,10.86,10.83,10.82,10.8,10.79,10.76,10.91,10.92,10.93,10.94,10.95,10.99,11.0,11.02,11.04,11.05,2800,500,600,800,1800,2500,3300,800,1000,7900,200,600,3200,2100,4200,5400,8400,5000,4100,5000
399.0,10.9,98500,1071527.0,10.9,10.89,10.88,10.87,10.86,10.83,10.82,10.8,10.79,10.76,10.91,10.92,10.93,10.94,10.95,10.99,11.0,11.02,11.04,11.05,1700,500,600,800,1800,2500,3300,800,1000,7900,200,600,3200,2100,4200,5400,8400,5000,4100,5000
400.0,10.92,99100,1078075.0,10.9,10.89,10.88,10.87,10.86,10.83,10.82,10.8,10.79,10.76,10.92,10.93,10.94,10.95,10.99,11.0,11.02,11.04,11.05,11.06,1100,500,600,800,1800,2500,3300,800,1000,7900,100,3200,2100,4200,5400,8400,5000,4100,5000,7000
401.0,10.9,99300,1080255.0,10.9,10.89,10.88,10.87,10.86,10.83,10.82,10.8,10.79,10.76,10.92,10.93,10.94,10.95,10.99,11.0,11.02,11.04,11.05,11.06,900,500,600,800,1800,2500,3300,800,1000,7900,100,3200,2100,4200,5400,8400,5000,4100,5000,7000
402.0,10.9,99300,1080255.0,10.9,10.89,10.88,10.87,10.86,10.83,10.82,10.8,10.79,10.76,10.92,10.93,10.94,10.95,10.99,11.0,11.02,11.04,11.05,11.06,900,500,600,800,1800,2500,3300,800,1000,7900,100,3200,2100,4200,5400,8400,5000,4100,5000,7000
403.0,10.9,99300,1080255.0,10.9,10.89,10.88,10.87,10.86,10.83,10.82,10.8,10.79,10.76,10.92,10.93,10.94,10.95,10.99,11.0,11.02,11.04,11.05,11.06,900,500,600,800,1800,2500,3300,800,1000,7900,100,3200,2100,4200,5400,8400,5000,4100,5000,7000
404.0,10.9,99300,1080255.0,10.9,10.89,10.88,10.87,10.86,10.83,10.82,10.8,10.79,10.76,10.92,10.93,10.94,10.95,10.99,11.0,11.02,11.04,11.05,11.06,1100,500,600,800,1800,2500,3300,800,1000,7900,100,3200,2100,4200,5400,8400,5000,4100,5000,7000
405.0,10.9,99300,1080255.0,10.9,10.89,10.88,10.87,10.86,10.83,10.82,10.8,10.79,10.76,10.92,10.93,10.94,10.95,10.99,11.0,11.02,11.04,11.05,11.06,1100,500,600,800,1800,2500,3300,800,1000,7900,100,3200,2100,4200,5400,8400,5000,4100,5000,7000
406.0,10.9,99300,1080255.0,10.9,10.89,10.88,10.87,10.86,10.83,10.82,10.8,10.79,10.76,10.92,10.93,10.94,10.95,10.99,11.0,11.02,11.04,11.05,11.06,1100,500,600,800,1800,2500,3300,800,1000,7900,100,3200,2100,4200,5400,8400,5000,4100,5000,7000
407.0,10.9,99500,1082435.0,10.9,10.89,10.88,10.87,10.86,10.83,10.82,10.8,10.79,10.76,10.92,10.93,10.94,10.95,10.99,11.0,11.02,11.04,11.05,11.06,900,500,600,800,1800,2300,3300,800,1000,7900,100,3200,2100,4200,5400,8400,5000,4100,5000,7000
408.0,10.9,99500,1082435.0,10.9,10.89,10.88,10.87,10.86,10.83,10.82,10.8,10.79,10.76,10.92,10.93,10.94,10.95,10.99,11.0,11.02,11.04,11.05,11.06,900,500,600,800,1800,2300,3300,800,1000,7900,100,3200,2100,4200,5400,8400,5000,4100,5000,7000
409.0,10.9,99500,1082435.0,10.9,10.89,10.88,10.87,10.86,10.83,10.82,10.8,10.79,10.76,10.92,10.93,10.94,10.95,10.99,11.0,11.02,11.04,11.05,11.06,900,500,600,800,1800,2300,3300,800,1000,7900,100,3200,2100,4200,5400,8400,5000,4100,5000,7000
410.0,10.92,99700,1084619.0,10.9,10.89,10.88,10.87,10.86,10.83,10.82,10.8,10.79,10.76,10.92,10.93,10.94,10.95,10.99,11.0,11.02,11.04,11.05,11.06,1000,500,600,800,1800,2300,3300,800,1000,7900,200,3400,2100,4200,5400,8400,5000,4100,5000,7000
411.0,10.92,99700,1084619.0,10.9,10.89,10.88,10.87,10.86,10.83,10.82,10.8,10.79,10.76,10.92,10.93,10.94,10.95,10.99,11.0,11.02,11.04,11.05,11.06,1000,500,600,800,1800,2300,3300,800,1000,7900,200,3400,2100,4200,5400,8400,5000,4100,5000,7000
412.0,10.92,99700,1084619.0,10.9,10.89,10.88,10.87,10.86,10.83,10.82,10.8,10.79,10.76,10.92,10.93,10.94,10.95,10.99,11.0,11.02,11.04,11.05,11.06,1000,500,600,800,1800,2300,3300,800,1000,7900,1200,3400,2100,4200,5400,8400,5000,4100,5000,7000
413.0,10.9,99900,1086799.0,10.9,10.89,10.88,10.87,10.86,10.83,10.82,10.8,10.79,10.76,10.92,10.93,10.94,10.95,10.99,11.0,11.02,11.04,11.05,11.06,800,500,600,800,1800,2300,3300,800,1000,7900,1200,3400,2100,4200,5400,8400,5000,4100,5000,7000
414.0,10.9,99900,1086799.0,10.9,10.89,10.88,10.87,10.86,10.83,10.82,10.8,10.79,10.76,10.92,10.93,10.94,10.95,10.99,11.0,11.02,11.04,11.05,11.06,800,500,600,800,1800,2300,3300,800,1000,7900,1200,3400,2100,4200,5400,8400,5000,4100,5000,7000
415.0,10.9,99900,1086799.0,10.9,10.89,10.88,10.87,10.86,10.83,10.82,10.8,10.79,10.76,10.92,10.93,10.94,10.95,10.99,11.0,11.02,11.04,11.05,11.06,800,500,600,800,1800,2300,3300,800,1000,7900,1200,3400,2100,4200,5400,8400,5000,4100,5000,7000
416.0,10.9,99900,1086799.0,10.9,10.89,10.88,10.87,10.86,10.83,10.82,10.8,10.79,10.76,10.92,10.93,10.94,10.95,10.99,11.0,11.02,11.04,11.05,11.06,800,500,600,800,1800,2300,3300,800,1000,7900,1200,3400,2100,4200,5400,8400,5000,4100,5000,7000
