LocalTime,LastPrice,TradeVolume,TradeValue,BidPrice1,BidPrice2,BidPrice3,BidPrice4,BidPrice5,BidPrice6,BidPrice7,BidPrice8,BidPrice9,BidPriceA,AskPrice1,AskPrice2,AskPrice3,AskPrice4,AskPrice5,AskPrice6,AskPrice7,AskPrice8,AskPrice9,AskPriceA,BidVolume1,BidVolume2,BidVolume3,BidVolume4,BidVolume5,BidVolume6,BidVolume7,BidVolume8,BidVolume9,BidVolumeA,AskVolume1,AskVolume2,AskVolume3,AskVolume4,AskVolume5,AskVolume6,AskVolume7,AskVolume8,AskVolume9,AskVolumeA
0.0,17.98,7700,138446.0,17.98,17.9,17.87,17.85,17.84,17.83,17.82,17.81,17.8,17.78,17.99,18.0,18.06,18.1,18.14,18.15,18.17,18.19,18.2,18.21,4800,3600,100,4100,1200,1900,36400,3900,31900,2600,2500,900,200,100,8000,3700,500,400,5200,500
1.0,17.99,7800,140245.0,17.98,17.9,17.87,17.85,17.84,17.83,17.82,17.81,17.8,17.78,17.99,18.0,18.06,18.1,18.14,18.15,18.17,18.19,18.2,18.21,4800,3600,100,4100,1200,1900,38600,3900,33000,3300,2400,900,200,100,8000,3700,500,400,5200,500
2.0,17.98,17900,321793.0,17.9,17.89,17.87,17.85,17.84,17.83,17.82,17.81,17.8,17.78,17.93,17.98,17.99,18.0,18.06,18.1,18.11,18.12,18.14,18.15,2500,300,100,4100,1200,1900,36400,6700,33000,3300,100,7700,2400,900,200,100,3300,100,8000,3700
3.0,17.98,19500,350556.0,17.91,17.9,17.89,17.87,17.86,17.85,17.84,17.83,17.82,17.81,17.98,17.99,18.0,18.06,18.1,18.11,18.12,18.14,18.15,18.17,100,2600,300,100,300,4100,1200,6200,39000,6700,7200,3100,900,200,300,3300,100,8000,3700,500
4.0,17.98,20400,366738.0,17.91,17.9,17.89,17.87,17.86,17.85,17.84,17.83,17.82,17.81,17.98,17.99,18.0,18.04,18.06,18.1,18.11,18.12,18.14,18.15,100,4600,300,100,300,4100,1200,7200,39000,6700,8800,3200,900,300,200,300,3300,100,8000,3700
5.0,17.98,20400,366738.0,17.91,17.9,17.89,17.87,17.86,17.85,17.84,17.83,17.82,17.81,17.98,17.99,18.0,18.04,18.06,18.08,18.1,18.11,18.12,18.14,100,4600,300,100,300,4100,1200,9900,39000,7200,9000,3400,900,300,200,3400,300,3300,100,8000
6.0,17.98,21900,393706.0,17.91,17.9,17.89,17.87,17.86,17.85,17.84,17.83,17.82,17.81,17.96,17.98,17.99,18.0,18.04,18.05,18.06,18.08,18.1,18.11,100,5100,300,100,1800,4600,1200,9900,41000,7800,2000,7700,3400,900,300,200,200,3400,300,3300
7.0,17.9,23900,429507.0,17.9,17.89,17.87,17.86,17.85,17.84,17.83,17.82,17.81,17.8,17.96,17.98,17.99,18.0,18.04,18.05,18.06,18.08,18.1,18.11,3200,300,3100,1800,2100,1200,10900,41200,7800,37600,2000,7700,3400,900,300,200,200,3400,300,3300
8.0,17.9,24800,445639.0,17.9,17.89,17.87,17.86,17.85,17.84,17.83,17.82,17.81,17.8,17.96,17.98,17.99,18.0,18.04,18.05,18.06,18.08,18.1,18.11,2800,300,3100,2400,2100,1200,11200,42200,7800,38100,1700,9300,3500,1100,300,200,200,3400,300,3300
9.0,17.96,25900,465395.0,17.9,17.89,17.87,17.86,17.85,17.84,17.83,17.82,17.81,17.8,17.96,17.98,17.99,18.0,18.04,18.05,18.06,18.08,18.1,18.11,2800,300,3100,2400,2100,1200,11200,42200,7800,38100,600,9300,3500,1100,300,200,200,4600,300,3300
10.0,17.96,26000,467191.0,17.92,17.9,17.89,17.87,17.86,17.85,17.84,17.83,17.82,17.81,17.96,17.98,17.99,18.0,18.04,18.05,18.06,18.08,18.1,18.11,1400,2800,300,3100,2400,2100,1200,11200,42200,7800,500,8600,3500,1100,300,200,200,4600,300,3300
11.0,17.92,26300,472567.0,17.92,17.9,17.89,17.87,17.86,17.85,17.84,17.83,17.82,17.81,17.96,17.98,17.99,18.0,18.04,18.05,18.06,18.08,18.1,18.11,1600,2900,300,3100,2400,2100,1200,11200,42700,7800,500,9000,3500,1100,300,200,14100,4600,300,3300
12.0,17.93,26500,476152.0,17.92,17.9,17.89,17.87,17.86,17.85,17.84,17.83,17.82,17.81,17.96,17.98,17.99,18.0,18.04,18.05,18.06,18.08,18.1,18.11,600,2700,300,3100,2400,2100,1200,11200,42700,7800,900,9000,3500,1100,300,200,14100,4600,300,3300
13.0,17.92,26900,483320.0,17.92,17.9,17.89,17.87,17.86,17.85,17.84,17.83,17.82,17.81,17.95,17.96,17.98,17.99,18.0,18.04,18.05,18.06,18.08,18.1,200,2700,300,3100,2400,2100,1200,11200,42700,7800,700,900,9000,3500,1100,300,200,14100,4600,300
14.0,17.9,32600,585354.0,17.89,17.87,17.86,17.85,17.84,17.83,17.82,17.81,17.8,17.78,17.92,17.94,17.96,17.98,17.99,18.0,18.04,18.05,18.06,18.08,300,3100,2400,2100,1200,11200,42700,7800,38300,4100,2100,6800,900,9000,3500,1100,300,200,14100,4600
15.0,17.87,35900,644331.0,17.87,17.86,17.85,17.84,17.83,17.82,17.81,17.8,17.78,17.76,17.89,17.91,17.92,17.94,17.96,17.98,17.99,18.0,18.04,18.05,100,2400,2100,1200,11200,42700,7800,38300,4100,1400,600,2600,2700,3900,900,9100,3500,1100,300,200
16.0,17.87,36200,649692.0,17.87,17.86,17.85,17.84,17.83,17.82,17.81,17.8,17.78,17.76,17.89,17.91,17.92,17.94,17.96,17.98,17.99,18.0,18.04,18.05,3800,2400,800,1200,11200,42700,7800,38000,4100,1400,600,2600,2700,3900,900,9100,3500,1100,300,200
17.0,17.87,36600,656840.0,17.87,17.86,17.85,17.84,17.83,17.82,17.81,17.8,17.78,17.76,17.89,17.91,17.92,17.94,17.96,17.98,17.99,18.0,18.04,18.05,3400,2400,800,1200,11200,42700,7800,38000,4100,1400,600,2600,1800,3800,900,9100,3500,1100,300,200
18.0,17.87,36800,660414.0,17.87,17.86,17.85,17.84,17.83,17.82,17.81,17.8,17.78,17.76,17.89,17.91,17.92,17.94,17.96,17.98,17.99,18.0,18.04,18.05,3200,2400,800,1200,11200,42700,7800,38000,4100,1400,700,2600,3000,3800,900,9100,3500,1100,300,200
19.0,17.87,38000,681858.0,17.87,17.86,17.85,17.84,17.83,17.82,17.81,17.8,17.78,17.76,17.89,17.91,17.92,17.94,17.96,17.98,17.99,18.0,18.04,18.05,2000,2400,800,1200,11200,42700,7800,38000,4100,1400,700,2600,2500,3800,900,9100,3500,1100,300,200
20.0,17.87,38000,681858.0,17.86,17.85,17.84,17.83,17.82,17.81,17.8,17.78,17.76,17.75,17.89,17.91,17.92,17.94,17.96,17.98,17.99,18.0,18.04,18.05,2400,800,1200,11500,42700,7800,38000,4100,1400,10700,700,2600,2400,3800,900,9100,3500,1100,300,1500
21.0,17.86,38100,683644.0,17.86,17.85,17.84,17.83,17.82,17.81,17.8,17.78,17.76,17.75,17.89,17.91,17.92,17.94,17.96,17.98,17.99,18.0,18.04,18.05,2300,800,1200,11500,42700,7800,38000,4100,1400,10700,700,2600,2400,3800,900,9100,3500,1100,300,1500
22.0,17.86,38100,683644.0,17.86,17.85,17.84,17.83,17.82,17.81,17.8,17.78,17.76,17.75,17.89,17.91,17.92,17.94,17.96,17.98,17.99,18.0,18.04,18.05,2300,800,1200,11500,42200,7800,37800,4100,1400,10700,700,2600,2400,3800,900,9100,3500,1100,300,1500
23.0,17.86,40200,721150.0,17.86,17.85,17.84,17.83,17.82,17.81,17.8,17.78,17.76,17.75,17.87,17.89,17.91,17.92,17.94,17.96,17.98,17.99,18.0,18.04,200,800,1200,11500,42200,7800,37800,4100,1400,10700,2000,700,2600,2400,3800,900,9100,3500,1100,300
24.0,17.86,40200,721150.0,17.86,17.85,17.84,17.83,17.82,17.81,17.8,17.78,17.76,17.75,17.87,17.89,17.91,17.92,17.94,17.96,17.98,17.99,18.0,18.04,200,800,1200,11500,42200,7800,37800,4100,1400,10700,2800,700,1900,2400,2800,900,9100,3500,1100,300
25.0,17.86,40200,721150.0,17.86,17.85,17.84,17.83,17.82,17.81,17.8,17.78,17.76,17.75,17.87,17.89,17.91,17.92,17.94,17.96,17.98,17.99,18.0,18.04,200,800,1200,11500,42200,7800,37800,4100,1400,10700,2800,700,1900,1000,2800,900,9000,3500,1100,300
26.0,17.89,42000,753320.0,17.86,17.85,17.84,17.83,17.82,17.81,17.8,17.78,17.76,17.75,17.89,17.91,17.92,17.94,17.96,17.98,17.99,18.0,18.04,18.05,200,800,1200,11500,42200,7800,37800,4100,1400,10700,500,1900,1000,2800,900,9000,3500,1100,300,1500
27.0,17.86,42100,755106.0,17.86,17.85,17.84,17.83,17.82,17.81,17.8,17.79,17.78,17.76,17.87,17.89,17.91,17.92,17.94,17.96,17.98,17.99,18.0,18.04,100,800,1200,11500,42200,7800,37800,600,4100,1400,100,400,1900,1000,2800,900,9000,3500,1100,300
28.0,17.83,46500,833650.0,17.86,17.83,17.82,17.81,17.8,17.79,17.78,17.76,17.75,17.74,17.89,17.91,17.92,17.94,17.96,17.98,17.99,18.0,18.04,18.05,3900,11000,42200,7800,37800,600,4100,1400,10700,200,200,1900,1000,2800,900,9000,3500,1100,300,1500
29.0,17.87,47200,846159.0,17.86,17.83,17.82,17.81,17.8,17.79,17.78,17.76,17.75,17.74,17.89,17.91,17.92,17.94,17.96,17.98,17.99,18.0,18.04,18.05,3900,11000,42200,7800,37800,600,4100,1400,10700,200,200,1900,1000,2800,900,9000,3500,1100,300,1500
30.0,17.89,47300,847948.0,17.86,17.85,17.83,17.82,17.81,17.8,17.79,17.78,17.76,17.75,17.89,17.91,17.92,17.94,17.96,17.98,17.99,18.0,18.04,18.05,3900,600,11000,42200,7800,37800,600,4100,1400,10700,100,1900,1000,2800,900,9000,3500,1100,300,1500
31.0,17.86,47600,853306.0,17.87,17.86,17.85,17.83,17.82,17.81,17.8,17.79,17.78,17.76,17.89,17.91,17.92,17.94,17.96,17.98,17.99,18.0,18.04,18.05,500,3600,600,11000,42200,7800,37800,600,4100,1400,100,1900,1000,2800,900,9000,3500,1100,300,1500
32.0,17.89,47700,855095.0,17.87,17.86,17.85,17.83,17.82,17.81,17.8,17.79,17.78,17.76,17.91,17.92,17.94,17.96,17.98,17.99,18.0,18.04,18.05,18.06,500,3600,600,11000,42200,7800,37800,600,4100,1400,1900,1000,2800,900,8900,3500,1100,300,1500,14100
33.0,17.91,48400,867624.0,17.87,17.86,17.85,17.83,17.82,17.81,17.8,17.79,17.78,17.76,17.91,17.92,17.94,17.96,17.98,17.99,18.0,18.04,18.05,18.06,300,3600,600,11000,42200,7800,37800,600,4100,1400,1400,1000,2800,900,8900,3400,1100,300,1500,14100
34.0,17.87,48500,869411.0,17.87,17.86,17.85,17.83,17.82,17.81,17.8,17.79,17.78,17.76,17.89,17.91,17.92,17.94,17.96,17.98,17.99,18.0,18.04,18.05,200,3600,600,11000,42200,7800,37800,600,4100,1400,100,1400,1000,2800,900,8700,3400,1100,300,1500
35.0,17.87,48500,869411.0,17.87,17.86,17.85,17.83,17.82,17.81,17.8,17.79,17.78,17.76,17.89,17.91,17.92,17.94,17.96,17.98,17.99,18.0,18.04,18.05,200,3600,600,11000,42200,7800,37800,600,4100,1400,100,1400,1000,2800,900,8600,3400,1100,300,1500
36.0,17.91,49300,883737.0,17.87,17.86,17.85,17.83,17.82,17.81,17.8,17.79,17.78,17.76,17.89,17.91,17.92,17.94,17.96,17.98,17.99,18.0,18.04,18.05,1200,3600,600,11000,42200,7800,37800,600,4100,1400,100,700,1000,2800,900,8600,3400,1100,300,1500
37.0,17.89,49900,894473.0,17.87,17.86,17.85,17.83,17.82,17.81,17.8,17.79,17.78,17.76,17.91,17.92,17.94,17.96,17.98,17.99,18.0,18.04,18.05,18.06,1600,3600,600,11000,42200,7800,37800,600,4100,1400,600,1000,2800,900,8600,3400,1100,300,1500,14100
38.0,17.91,50000,896264.0,17.87,17.86,17.85,17.83,17.82,17.81,17.8,17.79,17.78,17.76,17.91,17.92,17.94,17.96,17.98,17.99,18.0,18.04,18.05,18.06,1600,3600,600,11000,42200,7800,37800,600,4100,1400,500,1000,2800,900,7500,3400,1100,300,1500,14100
39.0,17.91,50100,898055.0,17.87,17.86,17.85,17.83,17.82,17.81,17.8,17.79,17.78,17.76,17.91,17.92,17.94,17.96,17.98,17.99,18.0,18.04,18.05,18.06,1600,3600,600,11500,42200,7800,41100,600,4100,1400,400,1000,2800,900,7500,3400,1100,300,1500,14100
40.0,17.91,52000,932094.0,17.91,17.87,17.86,17.85,17.83,17.82,17.81,17.8,17.79,17.78,17.92,17.94,17.96,17.98,17.99,18.0,18.04,18.05,18.06,18.08,400,1600,3600,600,11500,42200,7800,41100,600,4100,700,2800,900,7500,3400,1100,300,1500,14100,4600
41.0,17.91,52600,942843.0,17.91,17.87,17.86,17.85,17.83,17.82,17.81,17.8,17.79,17.78,17.92,17.94,17.96,17.98,17.99,18.0,18.04,18.05,18.06,18.08,100,1600,3600,600,11500,42200,7800,41100,600,4100,400,2800,900,7500,3400,1100,300,1500,14100,4600
42.0,17.92,55300,991116.0,17.9,17.87,17.86,17.85,17.83,17.82,17.81,17.8,17.79,17.78,17.94,17.96,17.98,17.99,18.0,18.04,18.05,18.06,18.08,18.1,800,700,3900,600,12500,42700,7800,41100,600,4100,2800,900,7500,3400,1100,300,1500,14100,4600,300
43.0,17.94,55500,994704.0,17.92,17.9,17.86,17.83,17.82,17.81,17.8,17.79,17.78,17.76,17.94,17.96,17.98,17.99,18.0,18.04,18.05,18.06,18.08,18.1,5300,800,3900,12500,42700,7800,41100,600,4100,1400,4300,900,7500,3400,1100,300,1500,14100,4600,300
44.0,17.92,56100,1005456.0,17.92,17.9,17.86,17.83,17.82,17.81,17.8,17.79,17.78,17.76,17.94,17.96,17.98,17.99,18.0,18.04,18.05,18.06,18.08,18.1,4800,800,3900,12500,42700,7800,41100,600,4100,1400,4300,900,7500,3400,1100,300,1500,14100,4600,300
45.0,17.94,56400,1010836.0,17.92,17.9,17.86,17.83,17.82,17.81,17.8,17.79,17.78,17.76,17.94,17.96,17.98,17.99,18.0,18.04,18.05,18.06,18.08,18.1,4700,800,3900,12500,42700,7800,41100,600,4100,1400,4100,900,7500,3400,1100,300,1500,14100,4600,300
46.0,17.92,57600,1032348.0,17.92,17.86,17.83,17.82,17.81,17.8,17.79,17.78,17.76,17.75,17.94,17.96,17.98,17.99,18.0,18.04,18.05,18.06,18.08,18.1,3900,3900,12500,42700,7800,41100,600,4100,1400,10900,3700,900,7500,3400,1100,300,1500,14100,4600,300
47.0,17.92,57600,1032348.0,17.92,17.88,17.86,17.83,17.82,17.81,17.8,17.79,17.78,17.76,17.93,17.94,17.96,17.98,17.99,18.0,18.04,18.05,18.06,18.08,3900,100,3900,12500,42700,7800,41100,600,4100,1400,100,3700,900,7500,3400,1100,300,1500,14100,4600
48.0,17.93,57800,1035933.0,17.92,17.88,17.86,17.83,17.82,17.81,17.8,17.79,17.78,17.76,17.94,17.96,17.98,17.99,18.0,18.04,18.05,18.06,18.08,18.1,3800,100,3900,12500,42700,7800,41100,600,4100,1400,3700,900,7500,3400,1100,300,1500,14100,4600,300
49.0,17.92,58200,1043107.0,17.92,17.88,17.86,17.83,17.82,17.81,17.8,17.79,17.78,17.76,17.94,17.96,17.98,17.99,18.0,18.04,18.05,18.06,18.08,18.1,3700,100,3900,12500,42700,7800,41100,600,4100,1400,3400,900,7500,3400,1100,300,1500,14100,4600,300
50.0,17.94,58300,1044901.0,17.92,17.88,17.86,17.84,17.83,17.82,17.81,17.8,17.79,17.78,17.94,17.96,17.98,17.99,18.0,18.04,18.05,18.06,18.08,18.1,3700,100,3900,500,12500,42700,7800,41100,600,4100,3300,900,7500,3400,1100,300,1500,14100,4600,300
51.0,17.94,58300,1044901.0,17.92,17.88,17.86,17.84,17.83,17.82,17.81,17.8,17.79,17.78,17.94,17.96,17.98,17.99,18.0,18.04,18.05,18.06,18.08,18.1,3700,100,3900,500,12500,42700,7800,41100,600,4100,3300,900,7500,3400,1100,300,1500,14100,4600,300
52.0,17.94,59000,1057453.0,17.93,17.92,17.88,17.87,17.86,17.84,17.83,17.82,17.81,17.8,17.94,17.96,17.98,17.99,18.0,18.04,18.05,18.06,18.08,18.1,1000,5800,100,600,3900,500,12500,42700,7800,41100,2900,900,7500,3400,1100,300,1500,14100,4600,300
53.0,17.94,59300,1062835.0,17.93,17.92,17.88,17.87,17.86,17.84,17.83,17.82,17.81,17.8,17.94,17.96,17.98,17.99,18.0,18.04,18.05,18.06,18.08,18.1,1000,6300,100,600,3900,500,13500,42700,7800,41100,1100,900,7500,3400,1100,300,1500,14100,4600,300
54.0,17.98,63200,1132895.0,17.93,17.92,17.88,17.87,17.86,17.84,17.83,17.82,17.81,17.8,17.98,17.99,18.0,18.04,18.05,18.06,18.08,18.1,18.11,18.12,1000,6300,100,1800,3900,500,13500,42700,7300,41100,5600,3400,1100,300,1500,14100,4600,300,3300,100
55.0,17.93,63300,1134688.0,17.93,17.92,17.88,17.87,17.86,17.84,17.83,17.82,17.81,17.8,17.98,17.99,18.0,18.04,18.05,18.06,18.08,18.1,18.11,18.12,900,6400,100,1800,3900,500,13500,42700,7300,41100,5600,3400,1100,300,1500,14100,4600,300,3300,100
56.0,17.93,63300,1134688.0,17.94,17.93,17.92,17.88,17.87,17.86,17.84,17.83,17.82,17.81,17.97,17.98,17.99,18.0,18.04,18.05,18.06,18.08,18.1,18.11,100,900,6400,100,1800,3900,500,13500,42700,7300,3600,8200,3400,1100,300,1500,14100,4600,300,3300
57.0,17.97,63600,1140076.0,17.93,17.92,17.88,17.87,17.86,17.84,17.83,17.82,17.81,17.8,17.97,17.98,17.99,18.0,18.04,18.05,18.06,18.08,18.1,18.11,900,6300,100,1800,3900,500,13500,42700,7300,41600,3400,8200,3400,1100,300,1500,14100,4600,300,3300
58.0,17.97,63600,1140076.0,17.93,17.92,17.88,17.87,17.86,17.84,17.83,17.82,17.81,17.8,17.97,17.98,17.99,18.0,18.04,18.05,18.06,18.08,18.1,18.11,900,6800,100,1800,3900,500,13500,42700,7300,41600,3400,8200,3400,1100,300,1500,14100,4600,300,3300
59.0,17.97,63600,1140076.0,17.93,17.92,17.88,17.87,17.86,17.84,17.83,17.82,17.81,17.8,17.97,17.98,17.99,18.0,18.04,18.05,18.06,18.08,18.1,18.11,900,6800,100,1800,3900,500,13500,42700,7300,41600,3400,8200,3400,1100,300,1500,14100,4600,300,3300
60.0,17.97,63900,1145467.0,17.93,17.92,17.88,17.87,17.86,17.84,17.83,17.82,17.81,17.8,17.97,17.98,17.99,18.0,18.04,18.05,18.06,18.08,18.1,18.11,900,6800,100,1800,3900,500,13500,42700,7300,41600,3100,8200,3400,1100,300,1500,14100,4600,300,3300
61.0,17.97,64200,1150858.0,17.93,17.92,17.88,17.87,17.86,17.85,17.84,17.83,17.82,17.81,17.97,17.98,17.99,18.0,18.04,18.05,18.06,18.08,18.1,18.11,900,6800,100,1800,3900,500,500,13500,42700,7300,2800,8200,3400,1100,300,1500,14100,4600,300,3300
62.0,17.97,64200,1150858.0,17.93,17.92,17.88,17.87,17.86,17.85,17.84,17.83,17.82,17.81,17.97,17.98,17.99,18.0,18.04,18.05,18.06,18.08,18.1,18.11,900,6800,100,1800,3900,500,500,13500,42700,7300,2800,8200,3400,1100,300,1500,14100,4600,300,3300
63.0,17.97,64200,1150858.0,17.93,17.92,17.88,17.87,17.86,17.85,17.84,17.83,17.82,17.81,17.97,17.98,17.99,18.0,18.04,18.05,18.06,18.08,18.1,18.11,900,6800,100,1800,3900,500,500,13500,42700,7300,2800,8200,3400,1100,300,1500,14100,4600,300,3300
64.0,17.97,64200,1150858.0,17.95,17.93,17.92,17.88,17.87,17.86,17.85,17.84,17.83,17.82,17.97,17.98,17.99,18.0,18.04,18.05,18.06,18.08,18.1,18.11,1000,1700,6800,100,1800,3900,500,500,13500,42700,2800,7700,3400,1100,300,1500,14100,4600,300,3300
65.0,17.98,68700,1231740.0,17.97,17.95,17.93,17.92,17.88,17.87,17.86,17.85,17.84,17.83,17.98,17.99,18.0,18.04,18.05,18.06,18.08,18.1,18.11,18.12,900,1000,1800,3500,100,1800,300,500,500,15000,6000,3400,1100,300,1500,14100,4600,300,3300,100
66.0,17.98,68900,1235336.0,17.97,17.95,17.93,17.92,17.88,17.87,17.86,17.85,17.84,17.83,17.98,17.99,18.0,18.04,18.05,18.06,18.08,18.1,18.11,18.12,1100,1000,2800,4000,100,1800,300,500,500,15000,5800,3400,1100,300,1500,14100,4600,300,3300,100
67.0,17.98,69400,1244326.0,17.97,17.95,17.93,17.92,17.88,17.87,17.86,17.85,17.84,17.83,17.98,17.99,18.0,18.04,18.05,18.06,18.08,18.1,18.11,18.12,1100,1000,3100,4000,100,1800,300,500,500,15000,6100,3400,1100,300,1500,14100,4600,300,3300,100
68.0,17.98,71700,1285678.0,17.97,17.95,17.93,17.92,17.88,17.87,17.86,17.85,17.84,17.83,17.98,17.99,18.0,18.04,18.05,18.06,18.08,18.1,18.11,18.12,1000,1000,3100,4000,100,1800,300,500,500,15000,3200,3400,1100,300,1500,14100,4600,300,3300,100
69.0,17.98,72200,1294666.0,17.97,17.96,17.95,17.93,17.92,17.88,17.87,17.86,17.85,17.84,17.98,17.99,18.0,18.04,18.05,18.06,18.08,18.1,18.11,18.12,800,2000,1000,3100,4000,100,1800,300,500,500,2900,3400,1100,300,1500,14100,4600,300,3300,100
70.0,17.98,72200,1294666.0,17.97,17.96,17.95,17.93,17.92,17.88,17.87,17.86,17.85,17.84,17.98,17.99,18.0,18.04,18.05,18.06,18.08,18.1,18.11,18.12,1600,600,1000,3100,4000,100,1800,1600,500,500,2900,3400,1100,300,1500,14100,4600,300,3300,100
71.0,17.97,72800,1305453.0,17.97,17.96,17.95,17.93,17.92,17.88,17.87,17.86,17.85,17.84,17.98,17.99,18.0,18.04,18.05,18.06,18.08,18.1,18.11,18.12,1800,600,1000,3000,4000,100,1800,1700,500,500,2400,3400,1100,300,1500,14100,4600,300,3300,100
72.0,17.98,72900,1307251.0,17.97,17.96,17.95,17.93,17.92,17.88,17.87,17.86,17.85,17.84,17.98,17.99,18.0,18.04,18.05,18.06,18.08,18.1,18.11,18.12,1900,600,1000,3000,4000,100,1800,1700,500,500,2300,3400,1100,300,1500,14100,4600,300,3300,100
73.0,17.97,73900,1325222.0,17.97,17.96,17.95,17.93,17.92,17.88,17.87,17.86,17.85,17.84,17.98,17.99,18.0,18.04,18.05,18.06,18.08,18.1,18.11,18.12,2500,1000,1000,2700,1600,100,1200,1700,500,500,2200,3400,300,300,1500,14100,4600,300,3300,100
74.0,17.98,74400,1334212.0,17.97,17.96,17.95,17.93,17.92,17.88,17.87,17.86,17.85,17.84,17.98,17.99,18.0,18.04,18.05,18.06,18.08,18.1,18.11,18.12,2500,1000,1000,2700,1600,100,1200,1600,500,500,1700,3400,300,300,1500,14100,4600,300,3300,100
75.0,17.97,75300,1350385.0,17.97,17.96,17.95,17.93,17.92,17.88,17.87,17.86,17.85,17.84,17.98,17.99,18.0,18.04,18.05,18.06,18.08,18.1,18.11,18.12,1700,1000,1000,2600,1600,100,1200,1600,500,500,1700,3400,300,300,1500,14100,4600,800,3300,1300
76.0,17.97,75300,1350385.0,17.97,17.96,17.95,17.93,17.92,17.88,17.87,17.86,17.85,17.84,17.98,17.99,18.0,18.04,18.05,18.06,18.08,18.1,18.11,18.12,1700,1000,1000,2700,1600,100,1200,1600,500,500,1700,3400,300,300,1500,14100,4600,800,3300,1300
77.0,17.98,76600,1373759.0,17.97,17.96,17.95,17.93,17.92,17.88,17.87,17.86,17.85,17.84,17.98,17.99,18.0,18.04,18.05,18.06,18.08,18.1,18.11,18.12,2000,1000,1000,2700,1600,100,1200,1600,500,500,400,3000,300,300,1500,14100,4600,800,3300,1300
78.0,17.98,76700,1375557.0,17.97,17.96,17.95,17.93,17.92,17.88,17.87,17.86,17.85,17.84,17.98,17.99,18.0,18.04,18.05,18.06,18.08,18.1,18.11,18.12,2000,1000,1000,2700,1600,100,1200,1300,500,500,300,3000,300,300,1500,14100,4600,800,3300,1300
79.0,17.99,77500,1389944.0,17.98,17.97,17.96,17.95,17.93,17.92,17.88,17.87,17.86,17.85,17.99,18.0,18.04,18.05,18.06,18.08,18.1,18.11,18.12,18.13,3900,2000,700,1000,2100,1500,100,1200,1300,2300,2700,300,300,1500,14100,4600,800,3300,1300,300
80.0,17.99,77700,1393542.0,17.98,17.97,17.96,17.95,17.93,17.92,17.91,17.88,17.87,17.86,17.99,18.0,18.04,18.05,18.06,18.08,18.1,18.11,18.12,18.13,3900,2000,700,1000,2100,1500,100,100,1200,1300,2500,300,300,1500,14100,4600,600,3300,1300,300
81.0,17.99,78400,1406134.0,17.98,17.97,17.96,17.95,17.93,17.92,17.91,17.88,17.87,17.86,17.99,18.0,18.04,18.05,18.06,18.08,18.1,18.11,18.12,18.13,3800,2000,1100,1000,2100,1500,100,100,1200,1300,1900,300,300,1500,14100,4600,600,3300,1300,300
82.0,17.99,78400,1406134.0,17.98,17.97,17.96,17.95,17.93,17.92,17.91,17.88,17.87,17.86,17.99,18.0,18.04,18.05,18.06,18.08,18.1,18.11,18.12,18.13,3800,2000,1100,1000,2100,1500,100,100,1200,1300,1900,300,300,1500,14100,4600,600,3300,1300,300
83.0,17.99,79500,1425913.0,17.98,17.97,17.96,17.95,17.93,17.92,17.91,17.88,17.87,17.86,17.99,18.0,18.04,18.05,18.06,18.08,18.1,18.11,18.12,18.13,4300,2000,1100,1000,2100,1500,100,100,1200,1300,1800,300,300,1500,14100,4600,600,3300,1600,300
84.0,17.99,80400,1442103.0,17.98,17.97,17.96,17.95,17.93,17.92,17.91,17.88,17.87,17.86,17.99,18.0,18.04,18.05,18.06,18.08,18.1,18.11,18.12,18.13,4200,2300,1100,1000,2100,1000,100,100,1200,1300,1000,300,300,1500,14100,4600,600,3300,1600,300
85.0,17.99,81800,1467285.0,17.99,17.98,17.97,17.96,17.95,17.93,17.92,17.91,17.88,17.87,18.0,18.04,18.05,18.06,18.08,18.1,18.11,18.12,18.13,18.14,2600,3800,2300,1100,1000,2100,1000,100,100,1200,300,300,1500,14100,4600,600,3300,1600,300,13900
86.0,17.99,81800,1467285.0,17.99,17.98,17.97,17.96,17.95,17.93,17.92,17.91,17.88,17.87,18.0,18.03,18.04,18.05,18.06,18.08,18.1,18.11,18.12,18.13,2600,3800,2300,1100,1000,2100,1000,100,100,1200,300,400,300,1500,14100,4600,600,3300,1600,300
87.0,18.0,81900,1469085.0,17.99,17.98,17.97,17.96,17.95,17.93,17.92,17.91,17.88,17.87,18.0,18.03,18.04,18.05,18.06,18.08,18.1,18.11,18.12,18.13,2600,3800,2300,1100,1000,2100,1000,100,100,1200,200,400,300,1500,14100,4600,600,3300,1600,300
88.0,18.03,82200,1474488.0,17.99,17.98,17.97,17.96,17.95,17.93,17.92,17.88,17.87,17.86,18.03,18.04,18.05,18.06,18.08,18.1,18.11,18.12,18.13,18.14,7600,3800,2300,1100,1000,2100,1000,100,1200,1300,300,300,1500,14100,4600,600,3300,1600,300,13900
89.0,18.03,82200,1474488.0,17.99,17.98,17.97,17.96,17.95,17.93,17.92,17.88,17.87,17.86,18.03,18.04,18.05,18.06,18.08,18.1,18.11,18.12,18.13,18.14,7600,3800,2300,1100,1000,2100,1000,100,1200,1300,300,300,1500,14100,4600,600,3300,1600,300,13900
90.0,18.03,82900,1487085.0,17.99,17.98,17.97,17.96,17.95,17.93,17.92,17.88,17.87,17.86,18.03,18.04,18.05,18.06,18.08,18.1,18.11,18.12,18.13,18.14,10600,3800,2300,1100,1000,2100,1000,100,1200,1300,200,300,1500,14100,4600,600,3300,1600,300,13900
91.0,17.99,87500,1569839.0,17.99,17.98,17.97,17.96,17.95,17.93,17.92,17.88,17.87,17.86,18.03,18.04,18.05,18.06,18.08,18.1,18.11,18.12,18.13,18.14,6000,3800,2000,1100,1000,2100,1000,100,1200,1300,200,300,1500,14100,4600,600,3300,1600,300,13900
92.0,18.03,87600,1571642.0,17.99,17.98,17.97,17.96,17.95,17.93,17.92,17.88,17.87,17.86,18.02,18.03,18.04,18.05,18.06,18.08,18.1,18.11,18.12,18.13,6000,3800,2000,1000,1000,2100,1000,100,1200,1300,100,100,300,1500,14100,4600,600,3300,1600,300
93.0,18.02,89000,1596873.0,17.99,17.98,17.97,17.96,17.95,17.93,17.92,17.9,17.88,17.87,18.02,18.04,18.05,18.06,18.08,18.1,18.11,18.12,18.13,18.14,5800,3800,2000,1000,1000,2100,1000,300,100,1200,1500,300,1500,14100,4600,600,3300,1500,300,13900
94.0,18.02,89300,1602279.0,18.0,17.99,17.98,17.97,17.96,17.95,17.93,17.92,17.9,17.88,18.04,18.05,18.06,18.08,18.1,18.11,18.12,18.13,18.14,18.15,2000,5800,3800,2000,1000,1000,2100,1000,300,100,300,1500,14100,4600,600,3300,1500,300,13900,8400
95.0,18.02,89300,1602279.0,18.03,17.99,17.98,17.97,17.96,17.95,17.93,17.92,17.9,17.88,18.04,18.05,18.06,18.08,18.1,18.11,18.12,18.13,18.14,18.15,300,2200,3800,2000,1000,1000,2100,1000,300,100,300,1500,14100,4600,600,3300,1500,300,13900,8400
96.0,18.02,89700,1609490.0,18.0,17.99,17.98,17.97,17.96,17.95,17.93,17.92,17.9,17.88,18.02,18.03,18.04,18.05,18.06,18.08,18.1,18.11,18.12,18.13,500,2200,3800,2000,1000,1000,2100,1000,300,100,100,1700,300,1500,14100,4600,600,3300,1500,300
97.0,18.02,89700,1609490.0,18.0,17.99,17.98,17.97,17.96,17.95,17.93,17.92,17.9,17.88,18.02,18.03,18.04,18.05,18.06,18.08,18.1,18.11,18.12,18.13,500,2200,3800,2000,900,1000,2100,1000,300,100,100,1700,300,1500,14100,4600,600,3300,1500,300
98.0,18.03,90700,1627519.0,17.99,17.98,17.97,17.96,17.95,17.93,17.92,17.9,17.88,17.87,18.03,18.04,18.05,18.06,18.08,18.1,18.11,18.12,18.13,18.14,3000,3800,2000,900,1000,2100,1000,300,100,1200,800,300,1500,14100,4600,600,3300,1500,300,13900
99.0,18.03,90800,1629322.0,18.02,17.99,17.98,17.97,17.96,17.95,17.93,17.92,17.9,17.88,18.03,18.04,18.05,18.06,18.08,18.1,18.11,18.12,18.13,18.14,100,3000,3800,2000,900,1000,2100,1000,300,100,700,300,1500,14100,4600,600,3300,1500,300,13900
100.0,18.03,90800,1629322.0,18.02,17.99,17.98,17.97,17.96,17.95,17.93,17.92,17.9,17.88,18.03,18.04,18.05,18.06,18.08,18.1,18.11,18.12,18.13,18.14,1100,3000,3800,2000,900,1000,1100,1000,300,100,500,300,1500,14100,4600,600,3300,1500,300,13900
101.0,18.03,92300,1656356.0,18.0,17.99,17.98,17.97,17.96,17.95,17.93,17.92,17.9,17.88,18.03,18.04,18.05,18.06,18.08,18.1,18.11,18.12,18.13,18.14,900,3000,3800,2000,900,1000,1100,1000,300,100,100,300,1500,14100,4600,600,3300,1500,300,13900
102.0,18.03,92400,1658159.0,18.03,17.99,17.98,17.97,17.96,17.95,17.93,17.92,17.9,17.88,18.04,18.05,18.06,18.08,18.1,18.11,18.12,18.13,18.14,18.15,100,3000,3800,2000,900,1000,1100,1000,300,100,300,1700,14100,4600,600,3300,1500,300,13900,8400
103.0,18.03,92500,1659962.0,18.03,18.02,18.0,17.99,17.98,17.97,17.96,17.95,17.93,17.92,18.04,18.05,18.06,18.08,18.1,18.11,18.12,18.13,18.14,18.15,1300,100,800,3000,3800,1900,900,1000,1100,1000,300,1700,14100,4600,600,3300,1500,300,13900,8400
104.0,18.03,92500,1659962.0,18.03,18.02,18.0,17.99,17.98,17.97,17.96,17.95,17.93,17.92,18.04,18.05,18.06,18.08,18.1,18.11,18.12,18.13,18.14,18.15,1300,100,800,3000,3800,1900,900,1000,1100,1000,300,1700,14100,4600,600,3300,1500,300,13900,8400
105.0,18.04,92700,1663569.0,18.03,18.02,17.99,17.98,17.97,17.96,17.95,17.93,17.92,17.9,18.04,18.05,18.06,18.08,18.1,18.11,18.12,18.13,18.14,18.15,1200,100,3000,5800,1900,900,1000,1100,1000,300,200,1700,14100,4600,600,3300,1500,300,13900,8400
106.0,18.04,93000,1668981.0,18.04,18.03,18.02,17.99,17.98,17.97,17.96,17.95,17.93,17.92,18.05,18.06,18.08,18.1,18.11,18.12,18.13,18.14,18.15,18.16,2700,2500,4800,3000,5800,1600,300,1000,1100,1000,1800,14100,4600,600,3300,1500,300,13900,8400,2500
107.0,18.05,94300,1692446.0,18.04,18.03,18.02,17.99,17.98,17.97,17.96,17.95,17.93,17.92,18.05,18.06,18.08,18.1,18.11,18.12,18.13,18.14,18.15,18.16,200,2500,4800,3000,5800,1600,300,1000,1100,1000,500,14100,4600,600,3300,1500,300,13900,8400,2500
108.0,18.05,94800,1701471.0,18.05,18.04,18.03,18.02,17.99,17.98,17.97,17.96,17.95,17.93,18.06,18.08,18.1,18.11,18.12,18.13,18.14,18.15,18.16,18.17,2000,200,2500,4800,3000,5800,1600,300,1000,1100,14100,4600,600,3300,1500,300,13900,8400,2500,6400
109.0,18.05,95800,1719521.0,18.05,18.04,18.03,18.02,17.99,17.98,17.97,17.96,17.95,17.93,18.06,18.08,18.1,18.11,18.12,18.13,18.14,18.15,18.16,18.17,3600,200,1900,3700,3000,5800,1600,300,1000,1100,14100,4600,600,3300,1500,300,13900,8400,2500,6400
110.0,18.06,97600,1752028.0,18.05,18.03,18.02,17.99,17.98,17.97,17.95,17.93,17.92,17.9,18.06,18.07,18.08,18.1,18.11,18.12,18.13,18.14,18.15,18.16,2600,1900,3800,3000,6600,1300,1000,1100,1000,300,12400,200,4600,600,3300,1500,300,13900,8400,2500
111.0,18.05,103600,1860362.0,18.04,18.03,18.02,17.99,17.98,17.97,17.95,17.93,17.92,17.9,18.05,18.06,18.07,18.08,18.1,18.11,18.12,18.13,18.14,18.15,2300,1900,3800,3000,6600,1500,1000,1100,500,300,2500,9000,200,4600,600,3300,1500,300,13900,8400
112.0,18.05,105300,1891047.0,18.04,18.03,18.02,17.99,17.98,17.97,17.95,17.93,17.92,17.9,18.05,18.06,18.07,18.08,18.1,18.11,18.12,18.13,18.14,18.15,3200,1900,3800,3000,6600,1500,1000,1100,500,300,1300,9000,200,4600,600,3300,1500,300,13900,8400
113.0,18.04,105600,1896459.0,18.04,18.03,18.02,17.99,17.98,17.97,17.95,17.93,17.92,17.9,18.05,18.06,18.07,18.08,18.1,18.11,18.12,18.13,18.14,18.15,2900,1900,3800,3000,6600,1500,1000,1100,500,300,1300,9000,200,4600,600,3300,1500,300,13900,8400
114.0,18.05,106200,1907287.0,18.04,18.03,18.02,17.99,17.98,17.97,17.95,17.93,17.92,17.9,18.05,18.06,18.07,18.08,18.1,18.11,18.12,18.13,18.14,18.15,3000,1900,3800,3000,6600,1500,1000,1100,500,300,900,9000,200,4600,600,3300,1500,300,13900,8400
115.0,18.05,106200,1907287.0,18.04,18.03,18.02,17.99,17.98,17.97,17.95,17.93,17.92,17.9,18.05,18.06,18.07,18.08,18.1,18.11,18.12,18.13,18.14,18.15,3000,1900,3800,3200,6600,1500,1000,1100,500,300,900,9000,200,4600,600,3300,1500,300,13900,8400
116.0,18.05,106300,1909092.0,18.04,18.03,18.02,17.99,17.98,17.97,17.95,17.93,17.92,17.9,18.05,18.06,18.07,18.08,18.1,18.11,18.12,18.13,18.14,18.15,3000,1900,3800,3200,6600,1500,1000,1100,500,300,800,9000,200,4600,600,3300,1500,300,13900,8400
117.0,18.05,106900,1919918.0,18.04,18.03,18.02,17.99,17.98,17.97,17.95,17.93,17.92,17.9,18.05,18.06,18.07,18.08,18.1,18.11,18.12,18.13,18.14,18.15,2600,2400,3800,3200,6700,1500,1000,1100,500,300,5600,9000,200,4600,600,3300,1500,300,13900,8400
118.0,18.05,108500,1948798.0,18.04,18.03,18.02,18.0,17.99,17.98,17.97,17.95,17.93,17.92,18.05,18.06,18.07,18.08,18.1,18.11,18.12,18.13,18.14,18.15,4400,2400,3800,5000,3200,6700,1500,1000,1100,500,4400,9000,200,4600,600,3300,1500,300,13900,8400
119.0,18.05,108500,1948798.0,18.04,18.03,18.02,18.0,17.99,17.98,17.97,17.95,17.93,17.92,18.05,18.06,18.07,18.08,18.1,18.11,18.12,18.13,18.14,18.15,4400,2400,3800,5000,3200,6700,1500,1000,1100,500,4600,9000,200,4600,600,3300,1500,300,13900,8400
120.0,18.04,108900,1956014.0,18.04,18.03,18.02,18.0,17.99,17.98,17.97,17.95,17.93,17.92,18.05,18.06,18.07,18.08,18.1,18.11,18.12,18.13,18.14,18.15,4000,2400,3800,5000,3200,6700,1500,1000,1100,500,4600,9000,200,4600,2600,3300,1500,300,13900,8400
121.0,18.05,109000,1957819.0,18.04,18.03,18.02,18.0,17.99,17.98,17.97,17.95,17.93,17.92,18.05,18.06,18.07,18.08,18.1,18.11,18.12,18.13,18.14,18.15,4000,2400,3800,5000,3200,6800,1500,1000,1100,500,4500,9000,200,4600,2600,3300,1500,300,13900,8400
122.0,18.04,113900,2046224.0,18.03,18.02,18.0,17.99,17.98,17.97,17.95,17.93,17.92,17.9,18.04,18.05,18.06,18.07,18.08,18.1,18.11,18.12,18.13,18.14,2400,3800,5000,3200,6800,1300,1000,1100,500,300,1000,3700,9000,200,4600,2600,3300,1500,800,13900
123.0,18.04,114000,2048028.0,18.03,18.02,18.0,17.99,17.98,17.97,17.95,17.93,17.92,17.9,18.04,18.05,18.06,18.07,18.08,18.1,18.11,18.12,18.13,18.14,2400,3800,5000,3200,6800,1300,1000,1100,500,300,900,3700,9000,200,4600,2600,3300,1500,800,13900
124.0,18.02,121700,2186827.0,18.02,18.0,17.99,17.98,17.97,17.95,17.93,17.92,17.9,17.88,18.03,18.04,18.05,18.06,18.07,18.08,18.1,18.11,18.12,18.13,100,5000,3200,6800,1300,1000,1100,500,300,100,3600,800,3700,9000,200,4600,2600,3300,1500,800
125.0,18.02,122100,2194038.0,18.0,17.99,17.98,17.97,17.95,17.93,17.92,17.9,17.88,17.87,18.01,18.03,18.04,18.05,18.06,18.08,18.1,18.11,18.12,18.13,5000,3300,6800,1300,1000,1100,500,300,100,1200,100,400,800,4200,9000,4600,2600,3300,1500,800
126.0,18.04,123000,2210255.0,18.0,17.99,17.98,17.97,17.95,17.93,17.92,17.9,17.88,17.87,18.04,18.05,18.06,18.08,18.1,18.11,18.12,18.13,18.14,18.15,4700,3300,10400,1300,1000,1100,500,300,100,1200,3600,4200,9000,4600,2600,3300,1500,800,13900,8400
127.0,18.0,123400,2217455.0,18.0,17.99,17.98,17.97,17.95,17.93,17.92,17.9,17.88,17.87,18.02,18.03,18.04,18.05,18.06,18.08,18.1,18.11,18.12,18.13,4800,3300,10400,1300,1000,1100,500,300,100,1200,100,800,1100,4200,9000,4600,2600,3300,1500,800
128.0,18.04,124400,2235487.0,18.02,18.0,17.99,17.98,17.97,17.95,17.93,17.92,17.9,17.88,18.04,18.05,18.06,18.08,18.1,18.11,18.12,18.13,18.14,18.15,100,4800,3200,10200,1300,1000,1100,500,300,100,900,4200,9000,4600,2600,3300,1500,800,13900,8400
129.0,18.04,125000,2246309.0,18.02,18.0,17.99,17.98,17.97,17.95,17.93,17.92,17.9,17.88,18.04,18.05,18.06,18.08,18.1,18.11,18.12,18.13,18.14,18.15,2100,4800,3200,10200,1300,1000,1100,500,300,100,400,10900,9000,4600,2600,3300,1500,800,13900,8400
130.0,18.05,126300,2269749.0,18.02,18.0,17.99,17.98,17.97,17.95,17.93,17.92,17.9,17.88,18.05,18.06,18.08,18.1,18.11,18.12,18.13,18.14,18.15,18.16,4600,4800,3200,10200,1300,1000,1100,500,300,100,10700,9000,4600,2600,3300,1500,800,13900,8400,2500
131.0,18.05,128400,2307654.0,18.03,18.02,18.0,17.99,17.98,17.97,17.95,17.93,17.92,17.9,18.05,18.06,18.08,18.1,18.11,18.12,18.13,18.14,18.15,18.16,3100,3100,4800,3200,10200,1300,1000,1100,500,300,8900,9000,4600,2600,3300,1500,800,13900,8400,2500
132.0,18.05,129300,2323897.0,18.03,18.02,18.0,17.99,17.98,17.97,17.95,17.93,17.92,17.9,18.05,18.06,18.08,18.1,18.11,18.12,18.13,18.14,18.15,18.16,3100,3100,4800,3200,10200,1300,1000,1100,500,300,8100,9000,4600,2600,3300,1500,800,13900,8400,2500
133.0,18.05,129300,2323897.0,18.03,18.02,18.0,17.99,17.98,17.97,17.95,17.93,17.92,17.9,18.05,18.06,18.08,18.1,18.11,18.12,18.13,18.14,18.15,18.16,3100,3100,4800,3200,10200,1300,1000,1100,500,300,8100,9000,4600,2600,3300,1500,800,13900,8400,2500
134.0,18.05,134000,2408722.0,18.03,18.02,18.0,17.99,17.98,17.97,17.95,17.93,17.92,17.9,18.05,18.06,18.08,18.1,18.11,18.12,18.13,18.14,18.15,18.16,2600,4500,4800,3200,10200,1300,1500,1100,500,300,3900,9000,4600,2600,3300,1500,800,13900,8400,2500
135.0,18.05,134600,2419550.0,18.03,18.02,18.0,17.99,17.98,17.97,17.95,17.93,17.92,17.9,18.05,18.06,18.08,18.1,18.11,18.12,18.13,18.14,18.15,18.16,2500,4500,4800,3200,10200,1300,1500,1100,500,300,3400,9000,4600,2600,3300,1500,800,13900,8400,2500
136.0,18.05,137800,2477310.0,18.03,18.02,18.0,17.99,17.98,17.97,17.95,17.93,17.92,17.9,18.05,18.06,18.08,18.1,18.11,18.12,18.13,18.14,18.15,18.16,2600,4500,4800,3200,10200,1300,1500,1100,500,300,200,9000,4600,2600,3300,1500,800,13900,8400,2500
137.0,18.05,138500,2489941.0,18.05,18.03,18.02,18.0,17.99,17.98,17.97,17.95,17.93,17.92,18.06,18.08,18.1,18.11,18.12,18.13,18.14,18.15,18.16,18.17,200,2400,4500,4800,3200,10200,1300,1500,1100,500,9000,4600,2600,3300,1500,800,13900,8400,2500,6400
138.0,18.06,139400,2506193.0,18.03,18.02,18.0,17.99,17.98,17.97,17.95,17.93,17.92,17.9,18.06,18.08,18.1,18.11,18.12,18.13,18.14,18.15,18.16,18.17,2400,4500,4800,3200,10200,1300,1500,1100,500,300,8300,4600,2600,3300,1500,800,13900,8400,2500,6400
139.0,18.06,139900,2515223.0,18.04,18.03,18.02,18.0,17.99,17.98,17.97,17.95,17.93,17.92,18.06,18.08,18.1,18.11,18.12,18.13,18.14,18.15,18.16,18.17,400,2400,4500,4800,3200,6600,1300,500,1100,500,7800,4600,2600,3300,1500,800,13900,6400,2500,6400
140.0,18.06,139900,2515223.0,18.04,18.03,18.02,18.0,17.99,17.98,17.97,17.95,17.93,17.92,18.06,18.08,18.1,18.11,18.12,18.13,18.14,18.15,18.16,18.17,400,2400,4500,4800,3200,6600,1300,500,1100,500,7800,4600,2600,3300,1500,800,13900,6400,2500,6400
141.0,18.06,140100,2518833.0,18.04,18.03,18.02,18.0,17.99,17.98,17.97,17.95,17.93,17.92,18.05,18.06,18.08,18.1,18.11,18.12,18.13,18.14,18.15,18.16,300,2300,4500,4800,3200,6600,1300,500,1100,500,2000,7700,4600,2600,3300,1500,800,13900,6400,2500
142.0,18.03,142700,2565714.0,18.02,18.0,17.99,17.98,17.97,17.95,17.93,17.92,17.9,17.88,18.04,18.05,18.06,18.08,18.1,18.11,18.12,18.13,18.14,18.15,4500,4800,3200,6600,1300,500,1100,500,300,100,1500,2000,7700,4600,2600,3300,1500,800,13900,7500
143.0,18.03,142700,2565714.0,18.02,18.0,17.99,17.98,17.97,17.95,17.93,17.92,17.9,17.88,18.04,18.05,18.06,18.08,18.1,18.11,18.12,18.13,18.14,18.15,4500,4800,3200,6600,1300,500,1100,500,300,100,1500,2000,7700,4600,2600,3300,1500,800,13900,7500
144.0,18.02,147400,2650408.0,18.0,17.99,17.98,17.97,17.95,17.93,17.92,17.9,17.88,17.87,18.02,18.03,18.04,18.05,18.06,18.08,18.1,18.11,18.12,18.13,4800,3200,6600,1300,500,1100,500,300,100,1200,1100,100,1500,2000,7700,4600,2600,3300,1500,800
145.0,18.02,148400,2668428.0,18.0,17.99,17.98,17.97,17.95,17.93,17.92,17.9,17.88,17.87,18.02,18.03,18.04,18.05,18.06,18.08,18.1,18.11,18.12,18.13,5700,3200,6600,1300,500,1100,500,300,100,1200,100,100,1500,2000,7700,4600,2600,3300,1500,800
146.0,18.04,149400,2686465.0,18.0,17.99,17.98,17.97,17.95,17.93,17.92,17.9,17.88,17.87,18.03,18.04,18.05,18.06,18.08,18.1,18.11,18.12,18.13,18.14,5700,3200,6600,1300,500,1100,500,300,100,1200,100,700,2000,7700,4600,2600,3300,1500,800,13900
147.0,18.04,150300,2702672.0,18.0,17.99,17.98,17.97,17.95,17.93,17.92,17.9,17.88,17.87,18.04,18.05,18.06,18.08,18.1,18.11,18.12,18.13,18.14,18.15,5000,3200,6600,1300,500,1100,500,300,100,1200,600,2000,7700,4600,2600,3300,1500,800,13900,7500
148.0,18.04,150300,2702672.0,18.0,17.99,17.98,17.97,17.95,17.93,17.92,17.9,17.88,17.87,18.03,18.04,18.05,18.06,18.08,18.1,18.11,18.12,18.13,18.14,5800,3200,6600,1300,500,1100,500,300,100,1200,1800,1400,2000,7700,4600,2600,3300,1500,800,13900
149.0,18.04,150300,2702672.0,18.0,17.99,17.98,17.97,17.95,17.93,17.92,17.9,17.88,17.87,18.03,18.04,18.05,18.06,18.08,18.1,18.11,18.12,18.13,18.14,5800,3200,6600,1300,500,1100,500,300,100,1200,1800,1400,2000,7700,4600,2600,3300,1500,800,13900
150.0,18.03,150400,2704475.0,18.0,17.99,17.98,17.97,17.95,17.93,17.92,17.9,17.88,17.87,18.03,18.04,18.05,18.06,18.08,18.1,18.11,18.12,18.13,18.14,6100,3200,6600,1300,500,1100,500,300,100,1200,1900,1400,2000,7700,4600,2600,3300,1500,800,13900
151.0,18.03,151000,2715278.0,18.0,17.99,17.98,17.97,17.95,17.93,17.92,17.9,17.88,17.87,18.02,18.03,18.04,18.05,18.06,18.08,18.1,18.11,18.12,18.13,5600,3200,6600,1300,500,1100,500,300,100,1200,11300,1800,1400,2000,7700,4600,2600,3300,1500,800
152.0,18.03,151000,2715278.0,18.0,17.99,17.98,17.97,17.95,17.93,17.92,17.9,17.88,17.87,18.02,18.03,18.04,18.05,18.06,18.08,18.1,18.11,18.12,18.13,5600,3200,6600,1300,500,1100,500,300,100,1200,11300,1800,1400,2000,7700,4600,2600,3300,1500,800
153.0,18.0,152600,2744078.0,18.0,17.99,17.98,17.97,17.95,17.93,17.92,17.9,17.88,17.87,18.02,18.03,18.04,18.05,18.06,18.08,18.1,18.11,18.12,18.13,3900,3200,6600,1300,500,1100,500,300,100,1200,11300,100,1400,2000,7700,4600,2600,3300,1500,800
154.0,18.0,155800,2801694.0,18.0,17.99,17.98,17.97,17.95,17.93,17.92,17.9,17.88,17.87,18.02,18.03,18.04,18.05,18.06,18.08,18.1,18.11,18.12,18.13,3100,3200,6600,1300,500,1100,500,300,100,1200,10500,100,1400,2000,7700,4600,2600,3300,1500,800
155.0,18.0,157800,2837694.0,18.0,17.99,17.98,17.97,17.95,17.93,17.92,17.9,17.88,17.87,18.02,18.03,18.04,18.05,18.06,18.08,18.1,18.11,18.12,18.13,1100,3200,6600,1300,500,1100,500,300,100,1200,10500,100,1400,2000,7700,4600,2600,3300,1500,800
156.0,18.02,157900,2839496.0,18.0,17.99,17.98,17.97,17.95,17.93,17.92,17.9,17.88,17.87,18.01,18.02,18.03,18.04,18.05,18.06,18.08,18.1,18.11,18.12,1100,3200,6600,1300,500,1100,500,300,100,1200,900,10400,100,1400,2000,7700,4600,2600,3300,1500
157.0,18.01,158300,2846697.0,18.0,17.99,17.98,17.97,17.95,17.93,17.92,17.9,17.88,17.87,18.01,18.02,18.03,18.04,18.05,18.06,18.08,18.1,18.11,18.12,800,3200,7100,1300,500,1100,500,300,100,1200,800,10400,100,1400,2000,7700,4600,2600,3300,1500
158.0,18.01,158900,2857500.0,18.0,17.99,17.98,17.97,17.95,17.93,17.92,17.9,17.88,17.87,18.01,18.02,18.03,18.04,18.05,18.06,18.08,18.1,18.11,18.12,500,3200,7100,1300,500,1100,500,300,100,1200,500,10400,100,1400,2000,7700,4600,3600,3300,1500
159.0,18.01,159300,2864703.0,18.0,17.99,17.98,17.97,17.95,17.93,17.92,17.9,17.88,17.87,18.01,18.02,18.03,18.04,18.05,18.06,18.08,18.1,18.11,18.12,400,3200,7100,1300,500,1100,500,300,100,1200,200,10400,100,1400,2000,7700,4600,3600,3300,1500
160.0,18.01,159300,2864703.0,18.0,17.99,17.98,17.97,17.95,17.93,17.92,17.9,17.88,17.87,18.01,18.02,18.03,18.04,18.05,18.06,18.08,18.1,18.11,18.12,400,3200,7100,1300,500,1100,500,300,100,1200,200,10400,100,1400,2500,7700,4600,3600,3300,1500
161.0,18.01,159300,2864703.0,18.0,17.99,17.98,17.97,17.95,17.93,17.92,17.9,17.88,17.87,18.01,18.02,18.03,18.04,18.05,18.06,18.08,18.1,18.11,18.12,400,3200,7100,1300,500,1100,500,300,100,1200,200,10400,100,1400,2500,7700,4600,3600,3300,1500
162.0,18.01,159300,2864703.0,18.0,17.99,17.98,17.97,17.95,17.93,17.92,17.9,17.88,17.87,18.01,18.02,18.03,18.04,18.05,18.06,18.07,18.08,18.1,18.11,400,3200,7100,1300,500,1100,500,300,100,1200,200,10400,100,1400,2500,7700,500,4600,3600,3300
163.0,18.01,159300,2864703.0,18.0,17.99,17.98,17.97,17.95,17.93,17.92,17.9,17.88,17.87,18.01,18.02,18.03,18.04,18.05,18.06,18.07,18.08,18.1,18.11,400,3200,7100,1300,500,1100,500,300,100,1200,200,10400,100,1400,2500,7700,500,4600,3600,3300
164.0,18.0,159400,2866503.0,18.0,17.99,17.98,17.97,17.95,17.93,17.92,17.9,17.88,17.87,18.01,18.02,18.03,18.04,18.05,18.06,18.07,18.08,18.1,18.11,300,3200,7100,1300,500,1100,500,300,100,1200,200,10400,100,1400,2500,7700,500,4600,3600,3300
165.0,18.0,159400,2866503.0,18.0,17.99,17.98,17.97,17.95,17.93,17.92,17.9,17.88,17.87,18.01,18.02,18.03,18.04,18.05,18.06,18.07,18.08,18.1,18.11,300,3200,7100,1300,500,1100,500,300,100,1200,200,10400,100,1400,2500,7700,500,4600,3600,3300
166.0,17.98,170000,3057129.0,17.97,17.95,17.93,17.92,17.9,17.88,17.87,17.85,17.84,17.83,17.98,17.99,18.0,18.01,18.02,18.03,18.04,18.05,18.06,18.07,1300,500,1100,500,300,100,1200,5300,1000,15000,200,800,2000,200,10400,100,2000,2500,7700,500
167.0,17.97,171300,3080490.0,17.95,17.93,17.92,17.9,17.88,17.87,17.85,17.84,17.83,17.82,17.96,17.98,17.99,18.0,18.01,18.02,18.03,18.04,18.05,18.06,500,1100,500,300,100,1200,5300,1000,15000,42700,100,200,800,11700,200,10400,100,2000,2500,7700
168.0,17.96,171500,3084081.0,17.95,17.93,17.92,17.9,17.88,17.87,17.85,17.84,17.83,17.82,17.98,17.99,18.0,18.01,18.02,18.03,18.04,18.05,18.06,18.07,400,1100,500,300,100,1200,5300,1000,15000,42700,200,800,11700,200,10400,100,2000,2500,7700,500
169.0,17.96,171500,3084081.0,17.95,17.93,17.92,17.9,17.88,17.87,17.85,17.84,17.83,17.82,17.98,17.99,18.0,18.01,18.02,18.03,18.04,18.05,18.06,18.07,800,1100,500,300,100,1200,5300,1000,15000,42700,200,800,11700,200,10400,100,2000,2500,7700,500
170.0,17.96,171500,3084081.0,17.96,17.95,17.93,17.92,17.9,17.88,17.87,17.85,17.84,17.83,17.98,17.99,18.0,18.01,18.02,18.03,18.04,18.05,18.06,18.07,100,1100,1100,500,300,100,1200,5300,1000,15000,500,800,11600,200,10400,100,2000,2800,7700,500
171.0,17.99,172400,3100256.0,17.95,17.93,17.92,17.9,17.88,17.87,17.85,17.84,17.83,17.82,17.99,18.0,18.01,18.02,18.03,18.04,18.05,18.06,18.07,18.08,900,1100,500,300,100,1200,5300,1000,15000,42700,700,11600,200,10400,100,2000,2800,7700,500,4600
172.0,17.99,172400,3100256.0,17.95,17.93,17.92,17.9,17.88,17.87,17.85,17.84,17.83,17.82,17.99,18.0,18.01,18.02,18.03,18.04,18.05,18.06,18.07,18.08,2800,2600,500,300,100,1200,5300,1000,15000,42700,1500,11600,200,10400,100,2000,2800,7700,500,4600
173.0,17.95,172600,3103846.0,17.95,17.93,17.92,17.9,17.88,17.87,17.85,17.84,17.83,17.82,17.99,18.0,18.01,18.02,18.03,18.04,18.05,18.06,18.07,18.08,2600,2600,500,300,100,1200,5300,1000,15000,42700,1500,2000,200,10400,100,2000,2800,7700,500,4600
174.0,17.99,172700,3105645.0,17.95,17.93,17.92,17.9,17.88,17.87,17.85,17.84,17.83,17.82,17.99,18.0,18.01,18.02,18.03,18.04,18.05,18.06,18.07,18.08,2600,2600,500,300,100,1200,5300,1000,15000,42700,1400,2000,200,10400,100,2000,2800,7700,500,4600
175.0,17.99,172700,3105645.0,17.98,17.95,17.93,17.92,17.9,17.88,17.87,17.85,17.84,17.83,17.99,18.0,18.01,18.02,18.03,18.04,18.05,18.06,18.07,18.08,600,3400,2600,500,300,100,1200,5300,1000,15000,2200,2000,200,10400,100,2000,3100,7700,500,4600
176.0,17.99,172700,3105645.0,17.98,17.95,17.93,17.92,17.9,17.88,17.87,17.85,17.84,17.83,17.99,18.0,18.01,18.02,18.03,18.04,18.05,18.06,18.07,18.08,600,3400,2600,500,300,100,1200,5500,1000,15000,2200,2000,200,10400,100,2000,3100,7800,500,4600
177.0,17.99,172700,3105645.0,17.98,17.95,17.93,17.92,17.9,17.88,17.87,17.85,17.84,17.83,17.99,18.0,18.01,18.02,18.03,18.04,18.05,18.06,18.07,18.08,600,3400,2600,500,300,100,1200,5500,1000,15000,2200,2000,200,10400,100,2000,3100,7800,500,4600
178.0,17.99,172700,3105645.0,17.98,17.95,17.93,17.92,17.9,17.88,17.87,17.85,17.84,17.83,17.99,18.0,18.01,18.02,18.03,18.04,18.05,18.06,18.07,18.08,600,3400,2600,500,300,100,1200,5600,1000,15000,2100,2000,200,10400,100,2000,3100,7800,500,4600
179.0,17.99,172700,3105645.0,17.98,17.95,17.93,17.92,17.9,17.88,17.87,17.85,17.84,17.83,17.99,18.0,18.01,18.02,18.03,18.04,18.05,18.06,18.07,18.08,600,3400,2600,500,300,100,1200,5600,1000,15000,2100,2000,300,10400,100,2000,3100,7800,500,4600
180.0,17.98,172800,3107443.0,17.98,17.95,17.93,17.92,17.9,17.88,17.87,17.85,17.84,17.83,17.99,18.0,18.01,18.02,18.03,18.04,18.05,18.06,18.07,18.08,500,3400,2600,500,300,100,1200,5600,1000,15000,2100,2000,300,10400,100,2000,2800,7800,500,4600
181.0,17.99,172900,3109242.0,17.98,17.95,17.94,17.93,17.92,17.9,17.88,17.87,17.85,17.84,17.99,18.0,18.01,18.02,18.03,18.04,18.05,18.06,18.07,18.08,500,1900,1800,2600,500,300,100,1200,5600,1000,2000,2000,300,10400,100,2000,2800,7800,500,4600
182.0,17.99,173800,3125433.0,17.98,17.96,17.95,17.94,17.93,17.92,17.9,17.88,17.87,17.85,17.99,18.0,18.01,18.02,18.03,18.04,18.05,18.06,18.07,18.08,500,100,1900,1800,2600,500,300,100,1200,5600,1100,2000,300,10400,100,2000,2800,7800,500,4600
183.0,17.99,173800,3125433.0,17.98,17.96,17.95,17.94,17.93,17.92,17.9,17.88,17.87,17.85,17.99,18.0,18.01,18.02,18.03,18.04,18.05,18.06,18.07,18.08,700,100,1900,1800,2600,500,300,100,1200,5600,1100,4000,300,10400,100,2000,2800,7800,500,4600
184.0,17.99,173800,3125433.0,17.98,17.95,17.94,17.93,17.92,17.9,17.88,17.87,17.85,17.84,17.99,18.0,18.01,18.02,18.03,18.04,18.05,18.06,18.07,18.08,700,1900,1800,2600,500,300,400,1200,5600,1000,1100,4500,300,10400,100,2000,2800,7800,500,4600
185.0,17.99,174100,3130830.0,17.98,17.95,17.94,17.93,17.92,17.9,17.88,17.87,17.85,17.84,17.99,18.0,18.01,18.02,18.03,18.04,18.05,18.06,18.07,18.08,700,1900,1800,2600,500,300,400,1200,5600,1000,800,4500,300,10400,100,2000,2800,7800,500,4600
186.0,17.99,174200,3132629.0,17.98,17.95,17.94,17.93,17.92,17.9,17.88,17.87,17.85,17.84,17.99,18.0,18.01,18.02,18.03,18.04,18.05,18.06,18.07,18.08,700,2000,1800,2600,500,300,400,1200,5600,1000,700,4500,300,10400,100,2000,2800,7800,500,4600
187.0,18.0,175100,3148822.0,17.98,17.95,17.94,17.93,17.92,17.9,17.88,17.87,17.85,17.84,18.0,18.01,18.02,18.03,18.04,18.05,18.06,18.07,18.08,18.1,700,2000,1800,2600,500,300,400,1200,5600,1000,4300,300,10400,100,2000,2800,7800,500,4600,4200
188.0,18.0,175100,3148822.0,17.98,17.95,17.94,17.93,17.92,17.9,17.88,17.87,17.85,17.84,18.0,18.01,18.02,18.03,18.04,18.05,18.06,18.07,18.08,18.1,700,2000,1800,2600,500,300,400,1200,5600,1000,4300,300,10400,100,2000,2800,7800,500,4600,4200
189.0,18.0,175500,3156022.0,17.98,17.95,17.94,17.93,17.92,17.9,17.88,17.87,17.85,17.84,18.0,18.01,18.02,18.03,18.04,18.05,18.06,18.07,18.08,18.1,700,2000,1800,2600,500,300,400,1200,5600,1000,3900,300,10400,100,2000,2800,7800,500,4600,4200
190.0,18.0,175500,3156022.0,17.98,17.97,17.95,17.94,17.93,17.92,17.9,17.88,17.87,17.85,18.0,18.01,18.02,18.03,18.04,18.05,18.06,18.07,18.08,18.1,700,8700,2000,1800,2600,500,300,400,1200,5600,3900,300,10400,100,2000,2800,7800,500,4600,4200
191.0,18.0,175500,3156022.0,17.98,17.97,17.95,17.94,17.93,17.92,17.9,17.88,17.87,17.85,18.0,18.01,18.02,18.03,18.04,18.05,18.06,18.07,18.08,18.1,700,8700,2000,1800,2600,500,300,400,1200,5600,3900,300,10400,100,2000,2800,7800,500,4600,4200
192.0,18.0,175700,3159620.0,17.98,17.97,17.95,17.94,17.93,17.92,17.9,17.88,17.87,17.85,18.0,18.01,18.02,18.03,18.04,18.05,18.06,18.07,18.08,18.1,600,8700,2000,1800,2600,500,300,400,1200,5600,3800,300,10400,100,2000,2800,7800,500,4600,4200
193.0,18.0,175700,3159620.0,17.98,17.97,17.95,17.94,17.93,17.92,17.9,17.88,17.87,17.85,18.0,18.01,18.02,18.03,18.04,18.05,18.06,18.07,18.08,18.1,600,8700,2000,1800,2600,500,300,400,1200,5600,3800,300,10400,100,2000,2800,7800,500,4600,4200
194.0,18.0,175900,3163220.0,17.98,17.97,17.95,17.94,17.93,17.92,17.9,17.88,17.87,17.85,18.0,18.01,18.02,18.03,18.04,18.05,18.06,18.07,18.08,18.1,600,8700,2000,1800,2600,500,300,400,1200,5600,2700,300,10400,100,2000,2800,7800,500,4600,4200
195.0,18.0,176000,3165020.0,17.98,17.97,17.95,17.94,17.93,17.92,17.9,17.88,17.87,17.85,18.0,18.01,18.02,18.03,18.04,18.05,18.06,18.07,18.08,18.1,600,8700,2000,1800,2600,500,300,400,1200,5600,2600,300,10400,100,2000,2800,7800,500,4600,4200
196.0,18.0,176000,3165020.0,17.98,17.97,17.95,17.94,17.93,17.92,17.9,17.88,17.87,17.85,18.0,18.01,18.02,18.03,18.04,18.05,18.06,18.07,18.08,18.1,600,8700,2000,1800,2600,500,300,400,1200,5600,4600,300,10400,100,2000,2800,7800,500,4600,4200
197.0,18.0,176400,3172220.0,17.98,17.97,17.95,17.94,17.93,17.92,17.9,17.88,17.87,17.85,18.0,18.01,18.02,18.03,18.04,18.05,18.06,18.07,18.08,18.1,600,8700,2000,1800,2600,500,300,400,1200,5600,4200,100,10400,100,2000,2800,7800,500,4600,4200
198.0,18.0,176400,3172220.0,17.98,17.97,17.95,17.94,17.93,17.92,17.9,17.88,17.87,17.85,18.0,18.01,18.02,18.03,18.04,18.05,18.06,18.07,18.08,18.1,600,8700,2000,1800,2600,500,300,400,1200,5600,4200,100,10400,100,2000,2800,7800,500,4600,4200
199.0,18.0,177100,3184820.0,17.98,17.97,17.95,17.94,17.93,17.92,17.9,17.88,17.87,17.85,18.0,18.01,18.02,18.03,18.04,18.05,18.06,18.07,18.08,18.1,600,8700,2000,1800,2600,500,300,400,1200,5600,3500,100,10400,100,2000,2800,7800,500,4600,4200
200.0,18.0,177100,3184820.0,17.98,17.97,17.95,17.94,17.93,17.92,17.9,17.88,17.87,17.85,18.0,18.01,18.02,18.03,18.04,18.05,18.06,18.07,18.08,18.1,600,8700,2000,1800,2600,500,300,400,1200,5600,3500,100,10400,100,2000,2800,7800,500,4600,4200
201.0,17.98,177200,3186618.0,17.98,17.97,17.95,17.94,17.93,17.92,17.9,17.88,17.87,17.85,18.0,18.01,18.02,18.03,18.04,18.05,18.06,18.07,18.08,18.1,500,8700,2000,1800,2600,500,300,400,1200,5600,3500,100,10400,100,2000,2800,7800,500,4600,4200
202.0,18.0,178300,3206418.0,17.98,17.97,17.95,17.94,17.93,17.92,17.9,17.88,17.87,17.85,18.0,18.01,18.02,18.03,18.04,18.05,18.06,18.07,18.08,18.1,500,8700,2000,1800,2600,500,300,400,1200,5600,2400,100,10400,100,2000,2800,7800,500,4600,4200
203.0,17.98,178400,3208216.0,17.98,17.97,17.95,17.94,17.93,17.92,17.9,17.88,17.87,17.85,18.0,18.01,18.02,18.03,18.04,18.05,18.06,18.07,18.08,18.1,400,8700,2000,1800,2600,500,300,400,1200,5600,2400,100,10400,100,2000,2800,7800,500,4600,4200
204.0,18.0,178600,3211816.0,17.98,17.97,17.95,17.94,17.93,17.92,17.9,17.88,17.87,17.85,18.0,18.01,18.02,18.03,18.04,18.05,18.06,18.07,18.08,18.1,400,8700,2000,1800,2600,500,300,400,1200,5600,2200,100,10400,100,2000,2800,7800,500,4600,4200
205.0,17.98,179300,3224406.0,17.98,17.97,17.95,17.94,17.93,17.92,17.9,17.88,17.87,17.85,18.0,18.01,18.02,18.03,18.04,18.05,18.06,18.07,18.08,18.1,500,8700,2000,1800,2600,500,300,400,1200,5600,2000,100,10400,100,2000,2800,7800,500,4600,4200
206.0,18.0,179400,3226206.0,17.98,17.97,17.95,17.94,17.93,17.92,17.9,17.88,17.87,17.85,18.0,18.01,18.02,18.03,18.04,18.05,18.06,18.07,18.08,18.1,500,8800,2000,1800,2600,500,300,400,1200,5600,1900,100,10400,100,2000,2800,7800,500,4600,4200
207.0,18.0,179500,3228006.0,17.98,17.97,17.95,17.94,17.93,17.92,17.9,17.88,17.87,17.85,18.0,18.01,18.02,18.03,18.04,18.05,18.06,18.07,18.08,18.1,700,8800,2000,1800,2600,500,300,400,1200,5600,1800,100,10400,100,2000,2800,7800,500,4600,4200
208.0,18.0,180000,3237006.0,17.98,17.97,17.95,17.94,17.93,17.92,17.9,17.88,17.87,17.85,18.0,18.01,18.02,18.03,18.04,18.05,18.06,18.07,18.08,18.1,700,8900,2000,1800,2600,500,300,400,1200,5600,1300,100,10400,100,2000,2800,7800,500,4600,4200
209.0,18.0,180100,3238806.0,17.98,17.97,17.95,17.94,17.93,17.92,17.9,17.88,17.87,17.85,18.0,18.01,18.02,18.03,18.04,18.05,18.06,18.07,18.08,18.1,700,8800,2000,1800,2600,500,300,400,1200,5600,1200,100,10400,100,2000,2800,7800,500,4600,4200
210.0,18.0,180100,3238806.0,17.98,17.97,17.95,17.94,17.93,17.92,17.9,17.88,17.87,17.85,18.0,18.01,18.02,18.03,18.04,18.05,18.06,18.07,18.08,18.1,700,8800,2000,1800,2600,500,300,400,1200,5600,1200,100,10400,100,2000,2800,7800,500,4600,4200
211.0,18.0,180100,3238806.0,17.98,17.97,17.95,17.94,17.93,17.92,17.9,17.88,17.87,17.85,18.0,18.01,18.02,18.03,18.04,18.05,18.06,18.07,18.08,18.1,700,8800,2000,1800,2600,500,300,400,1200,5600,1200,100,10400,100,2000,2800,7800,500,4600,4200
212.0,18.0,180200,3240606.0,17.98,17.97,17.95,17.94,17.93,17.92,17.9,17.88,17.87,17.85,18.0,18.01,18.02,18.03,18.04,18.05,18.06,18.07,18.08,18.1,700,8800,2000,1800,2600,500,300,400,1200,5600,1100,100,10400,100,2000,2800,7800,500,4600,4200
213.0,18.0,182000,3272986.0,17.98,17.97,17.95,17.94,17.93,17.92,17.9,17.88,17.87,17.85,18.0,18.01,18.02,18.03,18.04,18.05,18.06,18.07,18.08,18.1,1000,8800,2000,1800,2600,500,300,400,1200,5600,300,100,10400,100,2000,2800,7800,500,4600,4200
214.0,18.0,182100,3274786.0,17.98,17.97,17.95,17.94,17.93,17.92,17.9,17.88,17.87,17.85,18.0,18.01,18.02,18.03,18.04,18.05,18.06,18.07,18.08,18.1,1000,8800,2000,1800,2600,500,300,400,1200,5600,200,100,10400,100,2000,2800,7800,500,4600,4200
215.0,17.98,182300,3278382.0,17.98,17.97,17.95,17.94,17.93,17.92,17.9,17.88,17.87,17.85,18.0,18.01,18.02,18.03,18.04,18.05,18.06,18.07,18.08,18.1,800,8800,2000,1800,2600,500,300,400,1200,5600,200,100,10400,100,2000,2800,7800,500,4600,4200
216.0,18.0,182500,3281980.0,17.98,17.97,17.95,17.94,17.93,17.92,17.9,17.88,17.87,17.85,18.0,18.01,18.02,18.03,18.04,18.05,18.06,18.07,18.08,18.1,700,8800,2000,1800,2600,500,300,400,1200,5600,100,100,10400,100,2000,2800,7800,500,4600,4200
217.0,18.0,182500,3281980.0,17.98,17.97,17.95,17.94,17.93,17.92,17.91,17.9,17.88,17.87,18.0,18.01,18.02,18.03,18.04,18.05,18.06,18.07,18.08,18.1,700,8800,2000,1800,2600,500,200,300,400,1200,100,400,10400,100,2000,2800,7800,500,4600,4200
218.0,18.01,183200,3294583.0,17.98,17.97,17.95,17.94,17.93,17.92,17.91,17.9,17.88,17.87,18.01,18.02,18.03,18.04,18.05,18.06,18.07,18.08,18.1,18.11,600,8800,2000,1800,2600,500,200,300,400,1200,400,10400,100,2000,2800,7800,500,4600,4200,3300
219.0,18.01,183200,3294583.0,17.98,17.97,17.95,17.94,17.93,17.92,17.91,17.9,17.88,17.87,18.01,18.02,18.03,18.04,18.05,18.06,18.07,18.08,18.1,18.11,1600,8800,2000,1800,2600,500,200,300,400,1200,500,10400,100,2000,2800,7800,500,4600,4200,3300
220.0,18.01,183400,3298185.0,18.0,17.98,17.97,17.95,17.94,17.93,17.92,17.91,17.9,17.88,18.01,18.02,18.03,18.04,18.05,18.06,18.07,18.08,18.1,18.11,2500,1600,8800,2000,1800,2600,500,200,300,400,300,10400,100,2000,2800,7800,500,4600,4200,3300
221.0,18.01,183400,3298185.0,18.0,17.98,17.97,17.95,17.94,17.93,17.92,17.91,17.9,17.88,18.01,18.02,18.03,18.04,18.05,18.06,18.07,18.08,18.1,18.11,2500,1600,8800,2000,1800,2600,500,200,300,400,300,10400,100,2000,2800,7800,500,4600,4200,3300
222.0,18.01,183700,3303586.0,18.0,17.98,17.97,17.95,17.94,17.93,17.92,17.91,17.9,17.88,18.01,18.02,18.03,18.04,18.05,18.06,18.07,18.08,18.1,18.11,2300,1600,8800,2000,1800,2600,500,200,300,400,200,10400,100,2000,2800,7800,500,4600,4200,3300
223.0,18.01,183800,3305387.0,18.0,17.98,17.97,17.95,17.94,17.93,17.92,17.91,17.9,17.88,18.01,18.02,18.03,18.04,18.05,18.06,18.07,18.08,18.1,18.11,2300,1600,8800,2000,1800,2600,500,200,300,400,100,10900,100,2000,2800,7800,500,4600,4200,3300
224.0,18.01,183900,3307188.0,18.01,18.0,17.98,17.97,17.95,17.94,17.93,17.92,17.91,17.9,18.02,18.03,18.04,18.05,18.06,18.07,18.08,18.1,18.11,18.12,300,2400,1600,8700,2000,1800,2600,500,200,300,10900,100,2000,2800,7800,500,4600,4200,3300,1500
225.0,18.01,184200,3312591.0,18.0,17.98,17.97,17.95,17.94,17.93,17.92,17.91,17.9,17.88,18.01,18.02,18.03,18.04,18.05,18.06,18.07,18.08,18.1,18.11,2400,1600,8700,2000,1800,2600,500,200,300,400,200,10900,100,2000,2800,7800,500,4600,4200,3300
226.0,18.0,184800,3323391.0,18.0,17.98,17.97,17.95,17.94,17.93,17.92,17.91,17.9,17.88,18.01,18.02,18.03,18.04,18.05,18.06,18.07,18.08,18.1,18.11,1800,1600,8700,2000,1800,2600,500,200,800,400,200,10900,100,2000,2800,7800,500,4600,4200,3300
227.0,18.0,185200,3330591.0,18.0,17.98,17.97,17.95,17.94,17.93,17.92,17.91,17.9,17.88,18.01,18.02,18.03,18.04,18.05,18.06,18.07,18.08,18.1,18.11,1400,1600,8700,2000,1800,2600,500,200,800,400,200,12000,100,2000,2800,7800,500,4600,4200,3300
228.0,18.0,186600,3355791.0,17.98,17.97,17.95,17.94,17.93,17.92,17.91,17.9,17.88,17.87,18.0,18.01,18.02,18.03,18.04,18.05,18.06,18.07,18.08,18.1,1600,8700,2000,1800,2600,500,200,800,400,1200,800,1800,12000,100,2000,2800,7800,500,4600,4200
229.0,17.97,191100,3436677.0,17.97,17.95,17.94,17.93,17.92,17.91,17.9,17.88,17.87,17.85,18.0,18.01,18.02,18.03,18.04,18.05,18.06,18.07,18.08,18.1,6300,2000,1800,2600,500,200,800,1900,1200,5600,6700,1800,12000,100,2000,2800,7800,500,4600,4200
230.0,17.97,192600,3463641.0,17.97,17.95,17.94,17.93,17.92,17.91,17.9,17.88,17.87,17.85,18.0,18.01,18.02,18.03,18.04,18.05,18.06,18.07,18.08,18.1,5100,2000,1800,2600,500,200,800,1900,1200,5600,6400,1800,12000,100,2000,2800,7800,500,4600,4200
231.0,18.0,193100,3472635.0,17.97,17.96,17.95,17.94,17.93,17.92,17.91,17.9,17.88,17.87,18.0,18.01,18.02,18.03,18.04,18.05,18.06,18.07,18.08,18.1,5000,500,2000,1800,2600,500,200,800,1900,1200,6200,1800,12000,100,2000,2800,7800,500,4600,4200
232.0,17.96,198600,3571465.0,17.95,17.94,17.93,17.92,17.91,17.9,17.88,17.87,17.85,17.84,17.97,17.98,18.0,18.01,18.02,18.03,18.04,18.05,18.06,18.07,2000,1800,1400,500,200,800,1900,1200,5600,1000,2600,1000,6200,1800,12000,100,2000,2800,7800,500
233.0,17.96,198600,3571465.0,17.95,17.94,17.93,17.92,17.91,17.9,17.88,17.87,17.85,17.84,17.97,17.98,18.0,18.01,18.02,18.03,18.04,18.05,18.06,18.07,2000,1800,1400,500,200,800,1900,1200,5600,1000,800,1000,6200,1800,12000,100,2000,2800,7800,500
234.0,17.97,199200,3582241.0,17.95,17.94,17.93,17.92,17.91,17.9,17.88,17.87,17.85,17.84,17.97,17.98,18.0,18.01,18.02,18.03,18.04,18.05,18.06,18.07,1700,1800,1400,500,200,800,1900,1200,5600,1000,500,1000,6200,1800,12000,100,2000,2800,7800,500
235.0,17.95,199300,3584036.0,17.96,17.95,17.93,17.92,17.91,17.9,17.88,17.87,17.85,17.84,17.97,17.98,18.0,18.01,18.02,18.03,18.04,18.05,18.06,18.07,100,1600,1400,500,200,800,1900,1200,5600,1000,500,1000,6200,2300,12000,100,2000,2800,7800,500
236.0,17.97,199700,3591224.0,17.95,17.93,17.92,17.91,17.9,17.88,17.87,17.85,17.84,17.83,17.97,17.98,18.0,18.01,18.02,18.03,18.04,18.05,18.06,18.07,1600,1400,500,200,800,1900,1200,5600,1000,15300,500,1000,6200,2300,12000,100,2000,2800,7800,500
237.0,17.97,200200,3600205.0,17.95,17.94,17.93,17.92,17.91,17.9,17.88,17.87,17.85,17.84,17.97,17.98,18.0,18.01,18.02,18.03,18.04,18.05,18.06,18.07,1400,1300,1400,500,200,800,1900,1200,5600,1000,200,1000,6200,2300,12000,100,2000,2800,7800,500
238.0,17.97,200200,3600205.0,17.95,17.94,17.93,17.92,17.91,17.9,17.88,17.87,17.85,17.84,17.97,17.98,18.0,18.01,18.02,18.03,18.04,18.05,18.06,18.07,1400,1300,1400,500,200,800,1900,1200,5600,1000,200,1000,6200,2300,12000,100,2000,2800,7800,500
239.0,17.95,200300,3602000.0,17.95,17.94,17.93,17.92,17.91,17.9,17.88,17.87,17.85,17.84,17.97,17.98,18.0,18.01,18.02,18.03,18.04,18.05,18.06,18.07,1300,1300,1400,500,200,800,1900,1200,5600,1000,200,1000,6200,2300,12000,100,2000,2800,7800,500
240.0,17.98,201500,3623574.0,17.95,17.94,17.93,17.92,17.91,17.9,17.88,17.87,17.85,17.84,18.0,18.01,18.02,18.03,18.04,18.05,18.06,18.07,18.08,18.1,1300,1300,1400,500,200,800,1900,1200,5600,1000,9200,2300,12000,100,2000,2800,7800,500,4600,4200
241.0,18.0,202700,3645169.0,17.95,17.94,17.93,17.92,17.91,17.9,17.88,17.87,17.85,17.84,18.0,18.01,18.02,18.03,18.04,18.05,18.06,18.07,18.08,18.1,1700,1300,1400,500,200,800,1900,1200,5600,1000,8600,2300,12000,100,2000,2800,7800,500,4600,4200
242.0,17.95,202800,3646964.0,17.95,17.94,17.93,17.92,17.91,17.9,17.88,17.87,17.85,17.84,18.0,18.01,18.02,18.03,18.04,18.05,18.06,18.07,18.08,18.1,1600,1300,1400,500,200,800,1900,1200,5600,1000,8700,2300,12000,100,2000,2800,7800,500,4600,4200
243.0,17.98,203700,3663157.0,17.95,17.94,17.93,17.92,17.91,17.9,17.88,17.87,17.85,17.84,17.98,18.0,18.01,18.02,18.03,18.04,18.05,18.06,18.07,18.08,1900,1300,1400,500,200,800,1900,1200,5600,1000,500,8300,2300,12000,100,2000,2800,7800,500,4600
244.0,17.98,203700,3663157.0,17.95,17.94,17.93,17.92,17.91,17.9,17.88,17.87,17.85,17.84,17.98,18.0,18.01,18.02,18.03,18.04,18.05,18.06,18.07,18.08,3000,1300,1400,500,200,800,1900,1200,5600,1000,500,8300,2300,12000,100,2000,2800,7800,500,4600
245.0,17.98,204200,3672138.0,17.96,17.95,17.94,17.93,17.92,17.91,17.9,17.88,17.87,17.85,17.98,18.0,18.01,18.02,18.03,18.04,18.05,18.06,18.07,18.08,100,1700,1300,1400,500,200,800,1900,1200,5600,400,8300,2300,12000,100,2000,2800,7800,500,4600
246.0,17.98,204300,3673936.0,17.96,17.95,17.94,17.93,17.92,17.91,17.9,17.88,17.87,17.85,17.98,17.99,18.0,18.01,18.02,18.03,18.04,18.05,18.06,18.07,200,1700,1300,1400,500,200,800,1900,1200,5600,300,300,8300,2300,12000,100,2000,2800,7800,500
247.0,17.98,204300,3673936.0,17.96,17.95,17.94,17.93,17.92,17.91,17.9,17.88,17.87,17.85,17.98,17.99,18.0,18.01,18.02,18.03,18.04,18.05,18.06,18.07,100,1700,3400,1400,500,200,800,1900,1200,5600,300,300,8300,2300,12000,100,2000,2800,7800,500
248.0,17.98,204600,3679330.0,17.96,17.95,17.94,17.93,17.92,17.91,17.9,17.88,17.87,17.85,17.99,18.0,18.01,18.02,18.03,18.04,18.05,18.06,18.07,18.08,200,1900,3400,1400,500,200,800,1900,1200,5600,300,8300,2300,12000,100,2000,2800,7800,500,4600
249.0,17.98,204600,3679330.0,17.96,17.95,17.94,17.93,17.92,17.91,17.9,17.88,17.87,17.85,17.99,18.0,18.01,18.02,18.03,18.04,18.05,18.06,18.07,18.08,200,1900,3400,1400,500,200,800,1900,1200,5600,300,8300,2300,12000,100,2000,2800,7800,500,4600
250.0,17.98,204600,3679330.0,17.96,17.95,17.94,17.93,17.92,17.91,17.9,17.88,17.87,17.85,17.99,18.0,18.01,18.02,18.03,18.04,18.05,18.06,18.07,18.08,300,2700,3400,1400,500,200,800,1900,1200,5600,400,8300,2300,12000,100,2000,2800,7800,500,4600
251.0,17.98,204600,3679330.0,17.96,17.95,17.94,17.93,17.92,17.91,17.9,17.88,17.87,17.85,17.99,18.0,18.01,18.02,18.03,18.04,18.05,18.06,18.07,18.08,300,2700,3400,1400,500,200,800,1900,1200,5600,400,8300,2300,12000,100,2000,2800,7800,500,4600
252.0,17.98,204800,3682926.0,17.96,17.95,17.94,17.93,17.92,17.91,17.9,17.88,17.87,17.85,17.99,18.0,18.01,18.02,18.03,18.04,18.05,18.06,18.07,18.08,300,2700,3400,1400,500,200,800,1900,1200,5600,1400,8300,2300,12000,100,2000,2800,7800,500,4600
253.0,17.98,204800,3682926.0,17.96,17.95,17.94,17.93,17.92,17.91,17.9,17.88,17.87,17.85,17.99,18.0,18.01,18.02,18.03,18.04,18.05,18.06,18.07,18.08,400,3500,2600,1400,500,200,800,1900,1200,5600,1500,8300,2300,12000,100,2000,2800,7800,500,4600
254.0,17.98,204800,3682926.0,17.96,17.95,17.94,17.93,17.92,17.91,17.9,17.88,17.87,17.85,17.99,18.0,18.01,18.02,18.03,18.04,18.05,18.06,18.07,18.08,400,3500,2600,1400,500,200,800,1900,1200,5600,1500,8300,2300,12000,100,2000,2800,7800,500,4600
255.0,17.99,205600,3697318.0,17.97,17.96,17.95,17.94,17.93,17.92,17.91,17.9,17.88,17.87,17.99,18.0,18.01,18.02,18.03,18.04,18.05,18.06,18.07,18.08,200,400,3500,2600,1400,500,200,800,1900,1200,700,8300,11300,12000,100,2000,2800,7800,500,4600
256.0,18.0,206700,3717111.0,17.97,17.96,17.95,17.94,17.93,17.92,17.91,17.9,17.88,17.87,17.99,18.0,18.01,18.02,18.03,18.04,18.05,18.06,18.07,18.08,200,200,3500,2500,1400,500,200,800,1900,1200,200,7900,11300,12000,100,2000,2800,7800,500,4600
257.0,18.0,206700,3717111.0,17.97,17.96,17.95,17.94,17.93,17.92,17.91,17.9,17.88,17.87,17.99,18.0,18.01,18.02,18.03,18.04,18.05,18.06,18.07,18.08,200,200,3500,2500,1400,500,200,800,1900,1200,200,7900,11300,12000,100,2000,2800,7800,500,4600
258.0,17.99,206800,3718910.0,17.97,17.96,17.95,17.94,17.93,17.92,17.91,17.9,17.88,17.87,17.99,18.0,18.01,18.02,18.03,18.04,18.05,18.06,18.07,18.08,200,200,3500,2500,1400,500,200,800,1900,1200,100,7900,11300,12000,100,2000,2800,7800,500,4600
259.0,17.99,206800,3718910.0,17.97,17.96,17.95,17.94,17.93,17.92,17.91,17.9,17.88,17.87,17.99,18.0,18.01,18.02,18.03,18.04,18.05,18.06,18.07,18.08,200,2000,3500,2500,1400,500,200,800,1900,1200,100,7900,11300,12000,100,2000,2800,7800,500,4600
260.0,17.99,206800,3718910.0,17.98,17.97,17.96,17.95,17.94,17.93,17.92,17.91,17.9,17.88,17.99,18.0,18.01,18.02,18.03,18.04,18.05,18.06,18.07,18.08,7700,600,2000,3500,2500,1400,500,200,800,1900,100,7900,11300,12000,100,2000,2800,7800,500,4600
261.0,17.99,208600,3751276.0,17.99,17.98,17.97,17.96,17.95,17.94,17.93,17.92,17.91,17.9,18.0,18.01,18.02,18.03,18.04,18.05,18.06,18.07,18.08,18.1,100,6700,600,2000,3500,2500,1400,500,200,800,7900,11300,12000,100,2000,2800,7800,500,4600,4200
262.0,18.0,208900,3756676.0,17.99,17.98,17.97,17.96,17.95,17.94,17.93,17.92,17.91,17.9,18.0,18.01,18.02,18.03,18.04,18.05,18.06,18.07,18.08,18.1,100,6700,600,2000,3500,2500,1400,500,200,800,7600,11300,12000,100,2000,2800,7800,500,4600,4200
263.0,18.0,209300,3763875.0,17.98,17.97,17.96,17.95,17.94,17.93,17.92,17.91,17.9,17.88,18.0,18.01,18.02,18.03,18.04,18.05,18.06,18.07,18.08,18.1,6700,400,2000,3300,2500,1400,500,200,800,1900,7300,11300,12000,100,2000,2800,7800,500,4600,4200
264.0,17.98,209800,3772865.0,17.98,17.97,17.96,17.95,17.94,17.93,17.92,17.91,17.9,17.88,18.0,18.01,18.02,18.03,18.04,18.05,18.06,18.07,18.08,18.1,6200,400,2000,3300,2500,1400,500,200,800,1900,7300,11300,12000,100,2000,2800,7800,500,4600,4200
265.0,18.0,210100,3778265.0,17.98,17.97,17.96,17.95,17.94,17.93,17.92,17.91,17.9,17.88,18.0,18.01,18.02,18.03,18.04,18.05,18.06,18.07,18.08,18.1,8600,400,2000,2500,1700,1100,500,200,800,1900,7000,11300,12000,100,2000,2800,7800,500,4600,4200
266.0,18.0,210400,3783665.0,17.98,17.97,17.96,17.95,17.94,17.93,17.92,17.91,17.9,17.88,18.0,18.01,18.02,18.03,18.04,18.05,18.06,18.07,18.08,18.1,8600,200,2000,2500,1700,1100,500,200,800,1900,6700,11300,12000,100,2000,2800,7800,500,4600,4200
267.0,18.0,211000,3794465.0,17.99,17.98,17.97,17.96,17.95,17.94,17.93,17.92,17.91,17.9,18.0,18.01,18.02,18.03,18.04,18.05,18.06,18.07,18.08,18.1,300,8600,200,2000,2500,1700,1100,500,200,800,6100,11300,12000,100,2000,2800,7800,500,4600,4200
268.0,18.0,211000,3794465.0,17.99,17.98,17.97,17.96,17.95,17.94,17.93,17.92,17.91,17.9,18.0,18.01,18.02,18.03,18.04,18.05,18.06,18.07,18.08,18.1,700,8600,200,2000,2500,1400,1100,500,200,800,6100,11300,12000,100,2000,2800,7800,500,4600,4200
269.0,18.0,211100,3796265.0,17.99,17.98,17.97,17.96,17.95,17.94,17.93,17.92,17.91,17.9,18.0,18.01,18.02,18.03,18.04,18.05,18.06,18.07,18.08,18.1,700,8600,200,2000,2500,1400,1100,500,200,800,6000,11300,12000,100,2000,2800,7800,500,4600,4200
270.0,17.99,211800,3808863.0,17.99,17.98,17.97,17.96,17.95,17.94,17.93,17.92,17.91,17.9,18.0,18.01,18.02,18.03,18.04,18.05,18.06,18.07,18.08,18.1,500,8600,200,2000,2500,1400,1100,500,200,800,5500,11300,12000,100,2000,2800,7800,500,4600,4200
271.0,17.99,211800,3808863.0,17.99,17.98,17.97,17.96,17.95,17.94,17.93,17.92,17.91,17.9,18.0,18.01,18.02,18.03,18.04,18.05,18.06,18.07,18.08,18.1,500,8600,200,2000,2500,1400,1100,500,200,800,5500,11300,12000,100,2000,2800,7800,500,4600,4200
272.0,17.99,211900,3810662.0,17.99,17.98,17.97,17.96,17.95,17.94,17.93,17.92,17.91,17.9,18.0,18.01,18.02,18.03,18.04,18.05,18.06,18.07,18.08,18.1,400,9100,200,2000,2500,1400,1100,500,200,800,5500,11300,12000,100,2000,2800,7800,500,4600,4200
273.0,17.99,211900,3810662.0,17.99,17.98,17.97,17.96,17.95,17.94,17.93,17.92,17.91,17.9,18.0,18.01,18.02,18.03,18.04,18.05,18.06,18.07,18.08,18.1,400,9100,200,2000,2500,1400,1100,500,200,800,5500,11300,12000,100,2000,2800,7800,500,4600,4200
274.0,17.99,211900,3810662.0,17.99,17.98,17.97,17.96,17.95,17.94,17.93,17.92,17.91,17.9,18.0,18.01,18.02,18.03,18.04,18.05,18.06,18.07,18.08,18.1,400,9100,200,2000,2500,1400,1100,500,200,800,5500,11300,12000,100,2000,2800,7800,500,4600,4200
275.0,17.99,211900,3810662.0,17.99,17.98,17.97,17.96,17.95,17.94,17.93,17.92,17.91,17.9,18.0,18.01,18.02,18.03,18.04,18.05,18.06,18.07,18.08,18.1,400,9100,200,2000,2500,1400,1100,500,200,800,5500,11300,12000,100,2000,2800,7800,500,4600,4200
276.0,18.0,212400,3819658.0,17.99,17.98,17.97,17.96,17.95,17.94,17.93,17.92,17.91,17.9,18.0,18.01,18.02,18.03,18.04,18.05,18.06,18.07,18.08,18.1,300,9100,200,2000,2500,1400,1100,500,200,800,5400,11300,12000,100,2000,2800,7800,500,4600,4200
277.0,18.0,212900,3828658.0,17.99,17.98,17.97,17.96,17.95,17.94,17.93,17.92,17.91,17.9,18.0,18.01,18.02,18.03,18.04,18.05,18.06,18.07,18.08,18.1,300,9100,200,200,2500,1400,1100,500,200,800,4900,11300,12000,100,2000,2800,7800,500,4600,4200
278.0,17.97,222500,4001267.0,17.96,17.95,17.94,17.93,17.92,17.91,17.9,17.88,17.87,17.85,17.97,17.98,17.99,18.0,18.01,18.02,18.03,18.04,18.05,18.06,200,2500,1400,1100,500,200,800,1900,1200,5600,400,2100,3700,4900,11300,12000,100,2000,2800,7800
279.0,17.97,222700,4004861.0,17.96,17.95,17.94,17.93,17.92,17.91,17.9,17.88,17.87,17.85,17.98,17.99,18.0,18.01,18.02,18.03,18.04,18.05,18.06,18.07,200,2500,1400,1100,500,200,800,1900,1200,5600,2100,3700,4900,11300,12000,100,2000,3300,7800,500
280.0,17.98,222900,4008457.0,17.96,17.95,17.94,17.93,17.92,17.91,17.9,17.88,17.87,17.85,17.98,17.99,18.0,18.01,18.02,18.03,18.04,18.05,18.06,18.07,200,2500,1400,1100,500,200,800,1900,1200,5600,1900,4000,4900,11300,12000,100,2000,3300,7800,500
281.0,17.98,222900,4008457.0,17.96,17.95,17.94,17.93,17.92,17.91,17.9,17.88,17.87,17.85,17.98,17.99,18.0,18.01,18.02,18.03,18.04,18.05,18.06,18.07,200,2500,1400,1100,500,200,800,1900,1200,5600,1900,4300,4900,11300,12000,100,2000,3300,7800,500
282.0,17.98,224200,4031818.0,17.95,17.94,17.93,17.92,17.91,17.9,17.88,17.87,17.85,17.84,17.98,17.99,18.0,18.01,18.02,18.03,18.04,18.05,18.06,18.07,2200,1400,1100,500,200,800,1900,1200,5600,1000,1700,5300,4900,11300,12000,100,2000,3300,7800,500
283.0,17.98,224200,4031818.0,17.95,17.94,17.93,17.92,17.91,17.9,17.88,17.87,17.85,17.84,17.98,17.99,18.0,18.01,18.02,18.03,18.04,18.05,18.06,18.07,3000,2300,1100,500,200,800,1900,1200,5600,1000,1700,5300,4900,11300,12000,100,2000,3300,7800,500
284.0,17.95,225200,4049771.0,17.95,17.94,17.93,17.92,17.91,17.9,17.88,17.87,17.85,17.84,17.98,17.99,18.0,18.01,18.02,18.03,18.04,18.05,18.06,18.07,2100,2300,1100,500,200,800,1900,1200,5600,1000,1600,5300,4900,11300,12000,100,2000,3300,7800,500
285.0,17.95,225200,4049771.0,17.95,17.94,17.93,17.92,17.91,17.9,17.88,17.87,17.85,17.84,17.98,17.99,18.0,18.01,18.02,18.03,18.04,18.05,18.06,18.07,2300,2300,1100,500,200,800,1900,1200,5600,1000,1800,5300,4900,11300,12000,100,2000,3300,7800,500
286.0,17.93,231000,4153834.0,17.92,17.91,17.9,17.88,17.87,17.85,17.84,17.83,17.82,17.81,17.93,17.94,17.95,17.98,17.99,18.0,18.01,18.02,18.03,18.04,500,200,800,1900,1200,5600,1000,15300,44800,15500,2400,600,3500,1800,5300,4900,11300,12000,100,2000
287.0,17.92,231400,4161005.0,17.92,17.91,17.9,17.88,17.87,17.85,17.84,17.83,17.82,17.81,17.93,17.95,17.98,17.99,18.0,18.01,18.02,18.03,18.04,18.05,400,200,800,1900,1200,5600,1000,15300,44800,15500,2100,3500,1800,5300,4900,11300,10900,100,2000,3300
288.0,17.93,232000,4171762.0,17.92,17.91,17.9,17.88,17.87,17.85,17.84,17.83,17.82,17.81,17.93,17.95,17.98,17.99,18.0,18.01,18.02,18.03,18.04,18.05,400,200,1300,1900,1200,5600,1000,15300,44800,15500,1600,3500,1800,5300,4900,11300,10900,100,2000,3300
289.0,17.93,232000,4171762.0,17.92,17.91,17.9,17.88,17.87,17.85,17.84,17.83,17.82,17.81,17.93,17.95,17.98,17.99,18.0,18.01,18.02,18.03,18.04,18.05,2500,200,1300,1900,1200,5600,1000,15300,44800,15500,1600,3500,1800,5300,4900,11300,10900,100,2000,3300
290.0,17.93,232400,4178934.0,17.92,17.91,17.9,17.88,17.87,17.85,17.84,17.83,17.82,17.81,17.93,17.95,17.98,17.99,18.0,18.01,18.02,18.03,18.04,18.05,2600,200,1300,1900,1200,5600,1000,15300,44800,15500,1200,3500,1800,5300,4900,11300,10900,100,2000,3300
291.0,17.92,233300,4195064.0,17.92,17.91,17.9,17.88,17.87,17.85,17.84,17.83,17.82,17.81,17.93,17.95,17.98,17.99,18.0,18.01,18.02,18.03,18.04,18.05,3300,200,1300,1900,1200,5600,1000,15300,44800,15500,1000,3500,1800,5800,4900,11300,10900,100,2000,3300
292.0,17.92,233300,4195064.0,17.92,17.91,17.9,17.88,17.87,17.85,17.84,17.83,17.82,17.81,17.93,17.95,17.98,17.99,18.0,18.01,18.02,18.03,18.04,18.05,3300,200,1300,1900,1200,5600,1000,15300,44800,15500,1000,3500,1800,5800,4900,11300,10900,100,2000,3300
293.0,17.92,233300,4195064.0,17.92,17.91,17.9,17.88,17.87,17.85,17.84,17.83,17.82,17.81,17.93,17.95,17.98,17.99,18.0,18.01,18.02,18.03,18.04,18.05,5200,200,1300,1900,1200,5600,1000,15300,44800,15500,1000,3500,1800,5500,4900,11300,10900,100,2000,3500
294.0,17.93,233600,4200443.0,17.92,17.91,17.9,17.88,17.87,17.85,17.84,17.83,17.82,17.81,17.93,17.95,17.98,17.99,18.0,18.01,18.02,18.03,18.04,18.05,5300,200,1300,1900,1200,5600,1000,15300,44800,15500,700,3500,1800,5500,4900,11300,10900,100,2000,3500
295.0,17.93,233700,4202236.0,17.92,17.91,17.9,17.88,17.87,17.85,17.84,17.83,17.82,17.81,17.93,17.95,17.98,17.99,18.0,18.01,18.02,18.03,18.04,18.05,5400,200,1300,1900,1200,3800,1000,15300,44800,15500,600,3500,1800,5500,4900,11300,10900,100,2000,3500
296.0,17.92,235100,4227327.0,17.92,17.91,17.9,17.88,17.87,17.85,17.84,17.83,17.82,17.81,17.93,17.95,17.98,17.99,18.0,18.01,18.02,18.03,18.04,18.05,4400,200,1300,1900,1200,3800,1000,15300,44800,15500,300,3500,1800,5500,4900,11300,10900,100,2000,3500
297.0,17.93,235200,4229120.0,17.92,17.91,17.9,17.88,17.87,17.85,17.84,17.83,17.82,17.81,17.93,17.95,17.98,17.99,18.0,18.01,18.02,18.03,18.04,18.05,4500,200,1300,1900,1200,3800,1000,15300,44800,15500,200,3500,1800,5500,5000,11300,10900,100,2000,3500
298.0,17.93,235400,4232706.0,17.92,17.91,17.9,17.88,17.87,17.85,17.84,17.83,17.82,17.81,17.95,17.98,17.99,18.0,18.01,18.02,18.03,18.04,18.05,18.06,10600,200,1300,1900,1200,3800,1000,15300,44800,15500,3500,1800,5500,5000,11300,10900,100,2000,3500,7800
299.0,17.92,235900,4241666.0,17.93,17.92,17.91,17.9,17.88,17.87,17.85,17.84,17.83,17.82,17.95,17.98,17.99,18.0,18.01,18.02,18.03,18.04,18.05,18.06,100,8700,200,1300,1900,1200,3800,1000,15300,44800,3500,1800,5500,5000,11300,10900,100,2000,3500,7800
300.0,17.92,235900,4241666.0,17.93,17.92,17.91,17.9,17.88,17.87,17.85,17.84,17.83,17.82,17.95,17.98,17.99,18.0,18.01,18.02,18.03,18.04,18.05,18.06,100,8700,200,800,1900,1200,3800,1000,15300,44800,3500,1800,5500,5000,11300,10900,100,2000,3500,7800
301.0,17.92,236700,4256012.0,17.92,17.91,17.9,17.88,17.87,17.85,17.84,17.83,17.82,17.81,17.95,17.98,17.99,18.0,18.01,18.02,18.03,18.04,18.05,18.06,8400,200,800,1900,1200,3800,1000,15300,44800,15500,3200,1800,5500,5000,11300,10900,100,2000,3500,7800
302.0,17.92,236700,4256012.0,17.92,17.91,17.9,17.88,17.87,17.85,17.84,17.83,17.82,17.81,17.95,17.98,17.99,18.0,18.01,18.02,18.03,18.04,18.05,18.06,8600,200,800,1900,1300,3800,1000,15300,44800,15500,3400,1800,5500,5000,11300,10900,100,2000,3500,7800
303.0,17.92,236800,4257804.0,17.92,17.91,17.9,17.88,17.87,17.85,17.84,17.83,17.82,17.81,17.95,17.98,17.99,18.0,18.01,18.02,18.03,18.04,18.05,18.06,8500,200,800,1900,1300,3800,1000,15300,44800,15500,3400,1800,5500,6000,11300,10900,100,2000,3500,7800
304.0,17.92,238800,4293653.0,17.92,17.91,17.9,17.88,17.87,17.85,17.84,17.83,17.82,17.81,17.95,17.98,17.99,18.0,18.01,18.02,18.03,18.04,18.05,18.06,8200,200,800,1900,1300,3800,1000,15300,44800,15500,3100,1800,3000,6000,11300,10900,100,2000,3500,7800
305.0,17.92,238800,4293653.0,17.92,17.91,17.9,17.88,17.87,17.85,17.84,17.83,17.82,17.81,17.95,17.98,17.99,18.0,18.01,18.02,18.03,18.04,18.05,18.06,8400,200,800,1900,1300,3800,1000,15300,44800,15500,3300,1800,2000,6000,11300,10900,100,2000,3500,7800
306.0,17.95,239500,4306203.0,17.93,17.92,17.91,17.9,17.88,17.87,17.85,17.84,17.83,17.82,17.95,17.98,17.99,18.0,18.01,18.02,18.03,18.04,18.05,18.06,500,7900,200,1800,1900,1300,3800,1000,15300,44800,3100,1800,2000,6000,11300,10900,100,2000,3500,7800
307.0,17.93,240800,4329512.0,17.93,17.92,17.91,17.9,17.88,17.87,17.85,17.84,17.83,17.82,17.94,17.95,17.98,17.99,18.0,18.01,18.02,18.03,18.04,18.05,200,7700,200,1800,1900,1300,3800,1000,15300,44800,3500,6600,1800,2000,6000,11300,10900,100,2000,3500
308.0,17.94,241100,4334894.0,17.93,17.92,17.91,17.9,17.88,17.87,17.85,17.84,17.83,17.82,17.94,17.95,17.98,17.99,18.0,18.01,18.02,18.03,18.04,18.05,200,7700,200,1800,1900,1300,3800,1000,15300,44800,3200,6600,1800,2000,6000,11300,10900,100,2000,3500
309.0,17.94,246700,4435256.0,17.92,17.91,17.9,17.88,17.87,17.85,17.84,17.83,17.82,17.81,17.94,17.95,17.98,17.99,18.0,18.01,18.02,18.03,18.04,18.05,2700,200,1800,1900,1300,3800,1000,15300,44800,15500,2800,6600,1800,2000,6000,11300,10900,100,2000,3500
310.0,17.91,251300,4517657.0,17.9,17.88,17.87,17.85,17.84,17.83,17.82,17.81,17.8,17.79,17.92,17.94,17.95,17.98,17.99,18.0,18.01,18.02,18.03,18.04,300,1900,1300,3800,1000,15300,44800,15500,37300,300,900,2700,6600,1800,2000,6000,11300,10900,100,2000
311.0,17.88,252200,4533755.0,17.88,17.87,17.85,17.84,17.83,17.82,17.81,17.8,17.79,17.78,17.9,17.92,17.93,17.94,17.95,17.98,17.99,18.0,18.01,18.02,1300,1300,3800,1000,15300,44800,15500,37300,300,3700,200,3100,500,2700,6600,1800,2000,6000,11300,10900
312.0,17.92,253400,4555239.0,17.88,17.87,17.85,17.84,17.83,17.82,17.81,17.8,17.79,17.78,17.92,17.93,17.94,17.95,17.98,17.99,18.0,18.01,18.02,18.03,900,1300,3800,1000,15300,44800,15500,37300,300,3700,3400,500,2700,6600,1800,2000,6000,11300,10900,100
313.0,17.9,254000,4565985.0,17.9,17.88,17.87,17.85,17.84,17.83,17.82,17.81,17.8,17.79,17.92,17.93,17.94,17.95,17.98,17.99,18.0,18.01,18.02,18.03,1000,3400,1300,3800,1000,15300,44800,15500,37300,300,3100,500,2700,6600,1800,2000,6300,11300,10900,100
314.0,17.9,254000,4565985.0,17.9,17.88,17.87,17.85,17.84,17.83,17.82,17.81,17.8,17.79,17.92,17.93,17.94,17.95,17.98,17.99,18.0,18.01,18.02,18.03,1000,3400,1300,3800,1000,15300,44800,15500,37300,300,3100,500,2700,6600,1800,2000,6300,11300,10900,100
315.0,17.92,254700,4578529.0,17.88,17.87,17.85,17.84,17.83,17.82,17.81,17.8,17.79,17.78,17.92,17.93,17.94,17.95,17.98,17.99,18.0,18.01,18.02,18.03,3400,1300,3800,1000,15300,44800,15500,37300,300,3700,2400,500,2700,6600,1800,1500,6300,11300,10900,100
316.0,17.92,254700,4578529.0,17.89,17.88,17.87,17.85,17.84,17.83,17.82,17.81,17.8,17.79,17.92,17.93,17.94,17.95,17.98,17.99,18.0,18.01,18.02,18.03,100,900,1300,3800,1000,15300,44800,15500,37300,300,3000,500,2700,6600,1800,1500,6300,11300,10900,100
317.0,17.92,255000,4583905.0,17.89,17.88,17.87,17.85,17.84,17.83,17.82,17.81,17.8,17.79,17.92,17.93,17.94,17.95,17.98,17.99,18.0,18.01,18.02,18.03,200,2400,1300,3800,1000,15300,44800,15500,37300,300,2900,500,2700,6600,1800,500,6300,11300,10900,100
318.0,17.92,255300,4589281.0,17.89,17.88,17.87,17.85,17.84,17.83,17.82,17.81,17.8,17.79,17.92,17.93,17.94,17.95,17.98,17.99,18.0,18.01,18.02,18.03,300,2400,1300,3800,1000,15600,44800,15500,37300,300,2600,500,2700,6600,3000,500,6300,11300,10900,100
319.0,17.92,255300,4589281.0,17.89,17.88,17.87,17.85,17.84,17.83,17.82,17.81,17.8,17.79,17.92,17.93,17.94,17.95,17.98,17.99,18.0,18.01,18.02,18.03,300,1500,1300,3800,1000,15600,44800,15500,37300,300,2600,500,2700,6600,3000,500,6300,11300,10900,100
320.0,17.92,257300,4625112.0,17.89,17.88,17.87,17.85,17.84,17.83,17.82,17.81,17.8,17.79,17.92,17.93,17.94,17.95,17.98,17.99,18.0,18.01,18.02,18.03,1700,1500,1300,3800,1000,15600,44800,15500,37300,300,1100,500,2700,6600,3000,500,6300,11300,10900,100
321.0,17.92,257400,4626904.0,17.89,17.88,17.87,17.85,17.84,17.83,17.82,17.81,17.8,17.79,17.92,17.93,17.94,17.95,17.98,17.99,18.0,18.01,18.02,18.03,1700,1500,1300,3800,1000,15600,44800,15500,37000,300,1000,500,2700,6600,3000,500,6300,11300,10900,100
322.0,17.89,258500,4646586.0,17.89,17.88,17.87,17.85,17.84,17.83,17.82,17.81,17.8,17.79,17.92,17.93,17.94,17.95,17.98,17.99,18.0,18.01,18.02,18.03,700,1500,1300,3800,1000,15600,44800,15500,37000,300,1100,500,2700,6600,3000,500,6300,11300,10900,100
323.0,17.92,259100,4657338.0,17.91,17.9,17.89,17.88,17.87,17.85,17.84,17.83,17.82,17.81,17.92,17.93,17.94,17.95,17.98,17.99,18.0,18.01,18.02,18.03,300,400,1000,2000,1900,3800,1000,15600,44800,15500,500,1000,2700,6600,3000,500,6300,11300,10900,100
324.0,17.92,259500,4664504.0,17.91,17.9,17.89,17.88,17.87,17.85,17.84,17.83,17.82,17.81,17.92,17.93,17.94,17.95,17.98,17.99,18.0,18.01,18.02,18.03,100,400,2300,2000,1900,3800,1000,15600,44800,15500,300,1000,2700,6600,3000,500,6300,11300,10900,100
325.0,17.92,259500,4664504.0,17.91,17.9,17.89,17.88,17.87,17.85,17.84,17.83,17.82,17.81,17.92,17.93,17.94,17.95,17.98,17.99,18.0,18.01,18.02,18.03,100,400,2300,2000,1900,3800,1000,15600,44800,15500,300,1000,2700,6600,3000,500,6300,11300,10900,100
326.0,17.92,259500,4664504.0,17.91,17.9,17.89,17.88,17.87,17.85,17.84,17.83,17.82,17.81,17.92,17.93,17.94,17.95,17.98,17.99,18.0,18.01,18.02,18.03,100,400,2300,2000,1900,4300,1000,15600,44800,15500,300,1000,2700,6600,3000,500,6300,11300,10900,100
327.0,17.92,259600,4666296.0,17.91,17.9,17.89,17.88,17.87,17.85,17.84,17.83,17.82,17.81,17.92,17.93,17.94,17.95,17.98,17.99,18.0,18.01,18.02,18.03,100,400,300,1100,1900,4300,1000,15600,44800,15500,200,500,2700,6600,3000,500,6300,11300,10900,100
328.0,17.92,259600,4666296.0,17.91,17.9,17.89,17.88,17.87,17.85,17.84,17.83,17.82,17.81,17.92,17.93,17.94,17.95,17.98,17.99,18.0,18.01,18.02,18.03,100,400,2300,1100,1900,4300,1000,15600,44800,15500,200,500,2700,6600,3000,500,6300,11300,10900,100
329.0,17.91,259700,4668087.0,17.91,17.9,17.89,17.88,17.87,17.85,17.84,17.83,17.82,17.81,17.92,17.93,17.94,17.95,17.98,17.99,18.0,18.01,18.02,18.03,2600,400,2300,1100,1900,4300,1000,15600,44800,15500,200,500,2700,6600,3000,500,6300,11300,10900,100
330.0,17.93,260300,4678843.0,17.91,17.9,17.89,17.88,17.87,17.85,17.84,17.83,17.82,17.81,17.93,17.94,17.95,17.98,17.99,18.0,18.01,18.02,18.03,18.04,2600,400,2300,1100,1900,4300,1000,15600,44800,15500,100,2700,7500,3000,500,6300,11300,10900,100,14900
331.0,17.91,260800,4687798.0,17.91,17.9,17.89,17.88,17.87,17.85,17.84,17.83,17.82,17.81,17.93,17.94,17.95,17.98,17.99,18.0,18.01,18.02,18.03,18.04,1600,400,2300,1100,1900,4300,1000,15600,44800,15500,100,2700,7500,3000,500,6300,11300,10900,100,14900
332.0,17.91,260800,4687798.0,17.91,17.9,17.89,17.88,17.87,17.85,17.84,17.83,17.82,17.81,17.93,17.94,17.95,17.98,17.99,18.0,18.01,18.02,18.03,18.04,1600,400,2900,1100,3100,4300,1000,15600,44800,16000,200,2700,7500,3000,500,6300,11300,10900,100,14900
333.0,17.91,260800,4687798.0,17.91,17.9,17.89,17.88,17.87,17.85,17.84,17.83,17.82,17.81,17.93,17.94,17.95,17.98,17.99,18.0,18.01,18.02,18.03,18.04,1600,400,2900,1100,3100,4300,1000,15600,44800,16000,200,2700,7500,3000,500,6300,11300,10900,100,14900
334.0,17.91,260800,4687798.0,17.91,17.9,17.89,17.88,17.87,17.85,17.84,17.83,17.82,17.81,17.93,17.94,17.95,17.98,17.99,18.0,18.01,18.02,18.03,18.04,1600,400,2900,1100,3100,4300,1000,15600,44800,16000,200,2700,7500,3000,500,6300,2300,10900,100,14900
335.0,17.94,261200,4694969.0,17.91,17.9,17.89,17.88,17.87,17.85,17.84,17.83,17.82,17.81,17.94,17.95,17.98,17.99,18.0,18.01,18.02,18.03,18.04,18.05,1500,400,3400,1100,3100,4300,1000,15600,44800,16000,3600,7500,3000,500,6300,2300,10900,100,14900,5500
336.0,17.94,261200,4694969.0,17.91,17.9,17.89,17.88,17.87,17.85,17.84,17.83,17.82,17.81,17.94,17.95,17.98,17.99,18.0,18.01,18.02,18.03,18.04,18.05,1700,400,3400,1100,3100,4300,1000,15600,44800,16000,3800,7500,3000,500,6300,2300,10900,100,14900,5500
337.0,17.94,261200,4694969.0,17.91,17.9,17.89,17.88,17.87,17.85,17.84,17.83,17.82,17.81,17.93,17.94,17.95,17.98,17.99,18.0,18.01,18.02,18.03,18.04,1700,400,3400,1100,3100,4300,1000,15600,44800,16000,1400,3800,7500,3000,300,6300,2300,10900,100,14900
338.0,17.91,261300,4696760.0,17.91,17.9,17.89,17.88,17.87,17.85,17.84,17.83,17.82,17.81,17.93,17.94,17.95,17.98,17.99,18.0,18.01,18.02,18.03,18.04,1600,400,3400,1100,3100,4300,1000,15600,44800,16000,1400,5800,7500,3000,300,6300,2300,10900,100,14900
339.0,17.93,261400,4698553.0,17.91,17.9,17.89,17.88,17.87,17.85,17.84,17.83,17.82,17.81,17.93,17.94,17.95,17.98,17.99,18.0,18.01,18.02,18.03,18.04,1600,400,3400,1100,3100,4300,1000,15600,44800,16000,1300,6200,7500,3000,300,6300,2300,10900,100,14900
340.0,17.93,261400,4698553.0,17.91,17.9,17.89,17.88,17.87,17.85,17.84,17.83,17.82,17.81,17.93,17.94,17.95,17.98,17.99,18.0,18.01,18.02,18.03,18.04,1600,400,3400,1100,3100,4300,1000,15600,44800,16000,1300,6200,7500,3000,300,6300,2300,10900,100,14900
341.0,17.91,261800,4705723.0,17.91,17.9,17.89,17.88,17.87,17.85,17.84,17.83,17.82,17.81,17.92,17.93,17.94,17.95,17.98,17.99,18.0,18.01,18.02,18.03,1500,400,3400,1100,3100,4300,1000,15600,44800,16000,200,1000,6700,7500,3000,300,6300,2300,10900,100
342.0,17.92,262600,4720052.0,17.91,17.9,17.89,17.88,17.87,17.85,17.84,17.83,17.82,17.81,17.92,17.93,17.94,17.95,17.98,17.99,18.0,18.01,18.02,18.03,800,400,3400,1100,3100,4300,1000,15600,44800,16000,900,1000,6700,7500,3000,300,6300,2300,10900,100
343.0,17.91,263400,4734380.0,17.9,17.89,17.88,17.87,17.85,17.84,17.83,17.82,17.81,17.8,17.91,17.92,17.93,17.94,17.95,17.98,17.99,18.0,18.01,18.02,400,3400,1100,3100,4300,1000,15600,44800,16000,38600,1200,900,1000,6700,7500,3000,300,6300,2300,10900
344.0,17.9,263600,4737960.0,17.9,17.89,17.88,17.87,17.85,17.84,17.83,17.82,17.81,17.8,17.91,17.92,17.93,17.94,17.95,17.98,17.99,18.0,18.01,18.02,200,3400,1100,3100,4300,1000,15600,44800,16000,38600,1200,900,1000,6700,7500,3000,300,6300,2300,10900
345.0,17.91,263700,4739751.0,17.9,17.89,17.88,17.87,17.85,17.84,17.83,17.82,17.81,17.8,17.91,17.92,17.93,17.94,17.95,17.98,17.99,18.0,18.01,18.02,200,3400,1100,3100,4300,1000,15600,44800,16000,38600,1100,900,1000,6700,7500,3000,300,6300,2300,10900
346.0,17.91,265000,4763033.0,17.9,17.89,17.88,17.87,17.85,17.84,17.83,17.82,17.81,17.8,17.92,17.93,17.94,17.95,17.98,17.99,18.0,18.01,18.02,18.03,100,3400,1100,3100,4300,1000,15600,44800,17900,38600,900,1000,6700,7500,3000,300,6300,2300,10900,100
347.0,17.91,265000,4763033.0,17.9,17.89,17.88,17.87,17.85,17.84,17.83,17.82,17.81,17.8,17.92,17.93,17.94,17.95,17.98,17.99,18.0,18.01,18.02,18.03,300,9400,1100,3100,4300,1000,15600,44800,17900,38600,900,1000,6700,7500,3000,300,6300,2300,10900,100
348.0,17.91,265000,4763033.0,17.9,17.89,17.88,17.87,17.85,17.84,17.83,17.82,17.81,17.8,17.92,17.93,17.94,17.95,17.98,17.99,18.0,18.01,18.02,18.03,300,10400,1100,3100,4300,1000,15600,44800,17900,38600,900,1000,6700,7500,3000,300,6300,2300,10900,100
349.0,17.9,269000,4834633.0,17.9,17.89,17.88,17.87,17.85,17.84,17.83,17.82,17.81,17.8,17.92,17.93,17.94,17.95,17.98,17.99,18.0,18.01,18.02,18.03,2200,10400,2200,3100,4800,1000,16100,44800,17900,38600,900,1000,4700,7500,3000,300,6300,2300,10900,100
350.0,17.9,269000,4834633.0,17.9,17.89,17.88,17.87,17.85,17.84,17.83,17.82,17.81,17.8,17.91,17.92,17.93,17.94,17.95,17.98,17.99,18.0,18.01,18.02,2200,10400,2200,3100,4800,1000,16100,44800,17900,38600,1000,900,1000,4700,7500,3000,300,6300,2300,10900
351.0,17.91,269300,4840004.0,17.9,17.89,17.88,17.87,17.85,17.84,17.83,17.82,17.81,17.8,17.91,17.92,17.93,17.94,17.95,17.98,17.99,18.0,18.01,18.02,2100,10400,2200,3100,4800,1000,16100,44800,17900,38600,900,900,1000,4700,7500,3000,300,6300,2300,10900
352.0,17.91,269600,4845377.0,17.9,17.89,17.88,17.87,17.85,17.84,17.83,17.82,17.81,17.8,17.91,17.92,17.93,17.94,17.95,17.98,17.99,18.0,18.01,18.02,2200,10500,2200,3100,4800,1000,16100,44800,17900,38600,600,900,1000,4700,7500,3000,300,6300,2300,10900
353.0,17.9,270700,4865069.0,17.9,17.89,17.88,17.87,17.85,17.84,17.83,17.82,17.81,17.8,17.91,17.92,17.93,17.94,17.95,17.98,17.99,18.0,18.01,18.02,1300,10500,2200,3100,4800,1000,16100,44800,17900,38600,400,900,11000,4700,7500,3000,300,6300,2300,10900
354.0,17.91,271400,4877603.0,17.9,17.89,17.88,17.87,17.85,17.84,17.83,17.82,17.81,17.8,17.92,17.93,17.94,17.95,17.98,17.99,18.0,18.01,18.02,18.03,1000,10500,2200,3100,4800,1000,16100,44800,17900,38600,900,11000,4700,7500,3000,300,6300,2300,10900,100
355.0,17.91,271400,4877603.0,17.9,17.89,17.88,17.87,17.85,17.84,17.83,17.82,17.81,17.8,17.92,17.93,17.94,17.95,17.98,17.99,18.0,18.01,18.02,18.03,1000,9900,2200,3100,4800,1000,16100,44800,17900,38600,900,11000,4700,7500,3000,300,6300,2300,10900,100
356.0,17.9,271900,4886553.0,17.9,17.89,17.88,17.87,17.85,17.84,17.83,17.82,17.81,17.8,17.92,17.93,17.94,17.95,17.98,17.99,18.0,18.01,18.02,18.03,500,9900,2200,3100,4800,1000,16100,44800,17900,39100,900,11000,4700,7500,3000,300,6300,2300,10900,100
357.0,17.92,272000,4888345.0,17.9,17.89,17.88,17.87,17.85,17.84,17.83,17.82,17.81,17.8,17.92,17.93,17.94,17.95,17.98,17.99,18.0,18.01,18.02,18.03,500,9900,2200,3100,4800,1000,16100,44800,17900,39100,800,11000,4700,7500,3000,300,6300,2300,10900,100
358.0,17.92,272000,4888345.0,17.9,17.89,17.88,17.87,17.85,17.84,17.83,17.82,17.81,17.8,17.92,17.93,17.94,17.95,17.98,17.99,18.0,18.01,18.02,18.03,500,9900,2200,3100,4800,1000,16100,44800,17900,39100,800,11000,4700,7500,3000,300,6300,2300,10900,100
359.0,17.9,272500,4897295.0,17.89,17.88,17.87,17.85,17.84,17.83,17.82,17.81,17.8,17.79,17.9,17.92,17.93,17.94,17.95,17.98,17.99,18.0,18.01,18.02,9900,2200,3100,4800,1000,16100,44800,17900,39100,1500,800,800,11000,4700,7500,3000,300,6300,2300,10900
360.0,17.9,275800,4956333.0,17.89,17.88,17.87,17.85,17.84,17.83,17.82,17.81,17.8,17.79,17.9,17.91,17.92,17.93,17.94,17.95,17.98,17.99,18.0,18.01,6900,2200,3100,4800,1000,16100,44800,17900,40100,1500,800,100,800,11000,4700,7500,3000,300,6300,2300
361.0,17.9,277700,4990343.0,17.9,17.89,17.88,17.87,17.85,17.84,17.83,17.82,17.81,17.8,17.91,17.92,17.93,17.94,17.95,17.98,17.99,18.0,18.01,18.02,1100,6900,2200,3100,4800,1000,16100,44800,17900,40100,5000,800,11000,4700,7500,3000,300,6300,2300,10900
362.0,17.9,278800,5010033.0,17.89,17.88,17.87,17.85,17.84,17.83,17.82,17.81,17.8,17.79,17.9,17.91,17.93,17.94,17.95,17.98,17.99,18.0,18.01,18.02,6900,2200,3100,4800,1000,16100,45000,17900,40100,1500,2500,5000,10000,4700,7500,3000,300,6300,2300,11400
363.0,17.9,282300,5072654.0,17.89,17.88,17.87,17.85,17.84,17.83,17.82,17.81,17.8,17.79,17.9,17.91,17.93,17.94,17.95,17.98,17.99,18.0,18.01,18.02,4000,2200,3100,4800,1000,16100,45000,17900,40100,1500,2900,5000,10000,4700,7500,3000,300,6300,2300,11400
364.0,17.89,283100,5086966.0,17.89,17.88,17.87,17.85,17.84,17.83,17.82,17.81,17.8,17.79,17.9,17.91,17.93,17.94,17.95,17.98,17.99,18.0,18.01,18.02,5400,2200,3100,4800,1000,16100,45000,17900,40100,1500,1200,5000,10000,4700,7500,3000,300,6300,2300,11400
365.0,17.89,288500,5183572.0,17.88,17.87,17.85,17.84,17.83,17.82,17.81,17.8,17.79,17.78,17.89,17.9,17.91,17.93,17.94,17.95,17.98,17.99,18.0,18.01,2200,3100,4800,1000,16100,45000,17900,40100,1500,3700,1900,1000,5000,10000,4700,7500,3000,300,6300,2300
366.0,17.9,291500,5237257.0,17.9,17.88,17.87,17.85,17.84,17.83,17.82,17.81,17.8,17.79,17.91,17.93,17.94,17.95,17.98,17.99,18.0,18.01,18.02,18.03,4200,2200,3100,4800,1000,16100,45000,17900,40100,1500,4600,10000,4700,7500,3000,300,6300,2300,11400,100
367.0,17.9,291500,5237257.0,17.9,17.88,17.87,17.85,17.84,17.83,17.82,17.81,17.8,17.79,17.91,17.93,17.94,17.95,17.98,17.99,18.0,18.01,18.02,18.03,4200,2200,3100,4800,1000,16100,45000,17900,40100,300,4600,10000,4700,7500,3000,300,6300,2300,11400,100
368.0,17.9,291700,5240837.0,17.9,17.88,17.87,17.85,17.84,17.83,17.82,17.81,17.8,17.79,17.91,17.93,17.94,17.95,17.98,17.99,18.0,18.01,18.02,18.03,4200,2200,3100,4800,1000,16100,45000,19300,40100,300,4600,10000,4700,7500,3000,300,6300,2300,11400,100
369.0,17.91,292900,5262327.0,17.9,17.88,17.87,17.85,17.84,17.83,17.82,17.81,17.8,17.79,17.91,17.93,17.94,17.95,17.98,17.99,18.0,18.01,18.02,18.03,4100,2200,3100,4800,1000,16100,45000,19300,40100,300,3600,10000,4700,7500,3000,300,6300,2300,11400,100
370.0,17.9,297000,5335717.0,17.9,17.88,17.87,17.85,17.84,17.83,17.82,17.81,17.8,17.79,17.91,17.93,17.94,17.95,17.98,17.99,18.0,18.01,18.02,18.03,1300,2200,3100,4800,1000,16100,45000,19300,40100,300,3600,10000,4700,7500,3000,300,6300,2300,11400,100
371.0,17.9,297900,5351827.0,17.9,17.88,17.87,17.85,17.84,17.83,17.82,17.81,17.8,17.79,17.91,17.93,17.94,17.95,17.98,17.99,18.0,18.01,18.02,18.03,400,2200,3100,4800,1000,16100,45000,19300,40100,300,3600,10000,4700,7500,3000,300,6300,2300,11400,100
372.0,17.91,298000,5353618.0,17.9,17.89,17.88,17.87,17.85,17.84,17.83,17.82,17.81,17.8,17.91,17.93,17.94,17.95,17.98,17.99,18.0,18.01,18.02,18.03,1600,100,2200,3100,4900,1000,16100,45000,19300,40100,4000,10000,4700,7500,3000,300,6300,2300,11400,100
373.0,17.93,306400,5504147.0,17.9,17.89,17.88,17.87,17.85,17.84,17.83,17.82,17.81,17.8,17.92,17.93,17.94,17.95,17.98,17.99,18.0,18.01,18.02,18.03,1500,100,2200,3100,4900,1000,16100,45000,19300,40100,1500,6100,4700,7500,3000,300,6300,2300,11900,100
374.0,17.9,308600,5543541.0,17.89,17.88,17.87,17.85,17.84,17.83,17.82,17.81,17.8,17.79,17.9,17.92,17.93,17.94,17.95,17.98,17.99,18.0,18.01,18.02,100,3000,3100,4900,1000,16100,45000,19300,40100,300,1100,800,6100,4200,7500,3000,300,6300,2300,11900
375.0,17.9,310100,5570384.0,17.9,17.89,17.88,17.87,17.85,17.84,17.83,17.82,17.81,17.8,17.92,17.93,17.94,17.95,17.98,17.99,18.0,18.01,18.02,18.03,200,400,3300,3100,4900,1000,16100,45000,19300,40100,800,6100,4200,7500,3000,300,6300,2300,11900,100
376.0,17.9,310200,5572174.0,17.9,17.89,17.88,17.87,17.85,17.84,17.83,17.82,17.81,17.8,17.91,17.92,17.93,17.94,17.95,17.98,17.99,18.0,18.01,18.02,100,400,3300,3100,4900,1000,16100,45000,19300,40100,1000,1800,7000,4200,7500,3000,300,6300,2300,11900
377.0,17.91,310400,5575756.0,17.9,17.89,17.88,17.87,17.85,17.84,17.83,17.82,17.81,17.8,17.91,17.92,17.93,17.94,17.95,17.98,17.99,18.0,18.01,18.02,100,400,3300,3100,4900,1000,16100,45000,19300,40100,800,1800,7000,4200,7500,3000,300,6300,2300,11900
378.0,17.91,311800,5600817.0,17.9,17.89,17.88,17.87,17.85,17.84,17.83,17.82,17.81,17.8,17.91,17.92,17.93,17.94,17.95,17.98,17.99,18.0,18.01,18.02,100,400,3300,3100,4900,1000,16100,45000,19300,40100,700,1800,7000,4200,7500,3000,300,6300,2300,11900
379.0,17.91,311800,5600817.0,17.9,17.89,17.88,17.87,17.85,17.84,17.83,17.82,17.81,17.8,17.91,17.92,17.93,17.94,17.95,17.98,17.99,18.0,18.01,18.02,100,400,3300,3100,4900,1000,16600,45000,19300,40100,700,1800,7000,4200,7500,3000,300,6300,2300,11900
380.0,17.89,312500,5613341.0,17.88,17.87,17.85,17.84,17.83,17.82,17.81,17.8,17.79,17.78,17.89,17.9,17.91,17.92,17.93,17.94,17.95,17.98,17.99,18.0,3500,3100,4900,1000,16600,45000,19300,40100,300,3700,1300,200,700,1800,7000,4200,7500,3000,300,6300
381.0,17.89,313500,5631229.0,17.88,17.87,17.85,17.84,17.83,17.82,17.81,17.8,17.79,17.78,17.89,17.9,17.91,17.92,17.93,17.94,17.95,17.98,17.99,18.0,3300,3100,4900,1000,16600,45000,19300,40100,300,3700,500,200,700,1800,7000,4200,7500,3000,300,6300
382.0,17.89,313500,5631229.0,17.88,17.87,17.85,17.84,17.83,17.82,17.81,17.8,17.79,17.78,17.89,17.9,17.91,17.92,17.93,17.94,17.95,17.98,17.99,18.0,3300,3100,5500,1000,16600,45000,19300,40100,300,3700,500,200,700,2300,7000,4200,7500,3000,300,6300
383.0,17.89,313800,5636596.0,17.88,17.87,17.85,17.84,17.83,17.82,17.81,17.8,17.79,17.78,17.89,17.9,17.91,17.92,17.93,17.94,17.95,17.98,17.99,18.0,3300,3100,5500,1000,16600,45000,19300,40100,300,3700,200,200,700,2300,7000,4200,7500,3000,300,6300
384.0,17.89,318500,5720620.0,17.87,17.85,17.84,17.83,17.82,17.81,17.8,17.79,17.78,17.76,17.88,17.89,17.9,17.91,17.92,17.93,17.94,17.95,17.98,17.99,1800,5500,1000,16600,45000,19300,40100,300,3700,1400,500,100,1300,700,2300,7000,4200,7500,3000,300
385.0,17.89,318500,5720620.0,17.87,17.85,17.84,17.83,17.82,17.81,17.8,17.79,17.78,17.76,17.88,17.89,17.9,17.91,17.92,17.93,17.94,17.95,17.98,17.99,1800,5500,1000,16600,45000,19300,40100,300,3700,1400,500,100,1300,700,2300,7000,4200,7500,3000,300
386.0,17.87,319200,5733129.0,17.87,17.85,17.84,17.83,17.82,17.81,17.8,17.79,17.78,17.76,17.88,17.89,17.9,17.91,17.92,17.93,17.94,17.95,17.98,17.99,1100,5500,1000,16600,45000,19300,39600,300,3700,1400,500,100,1300,700,2300,7000,4200,7500,3000,300
387.0,17.88,319800,5743855.0,17.87,17.85,17.84,17.83,17.82,17.81,17.8,17.79,17.78,17.76,17.88,17.89,17.9,17.91,17.92,17.93,17.94,17.95,17.98,17.99,900,5500,1000,16300,45000,19300,39600,300,3700,1400,100,100,200,700,2300,7000,4200,7500,3000,300
388.0,17.89,320000,5747432.0,17.89,17.87,17.85,17.84,17.83,17.82,17.81,17.8,17.79,17.78,17.9,17.91,17.92,17.93,17.94,17.95,17.98,17.99,18.0,18.01,2700,900,5500,1000,16300,45000,19300,39600,300,3700,800,700,1500,7000,4200,7600,3000,300,6300,700
389.0,17.9,320300,5752802.0,17.89,17.87,17.85,17.84,17.83,17.82,17.81,17.8,17.79,17.78,17.9,17.91,17.92,17.93,17.94,17.95,17.98,17.99,18.0,18.01,2700,900,5500,1000,16300,45000,19300,39600,300,3700,1000,700,1500,7000,4200,7600,3000,300,6300,700
390.0,17.89,321500,5774271.0,17.89,17.88,17.87,17.85,17.84,17.83,17.82,17.81,17.8,17.79,17.9,17.91,17.92,17.93,17.94,17.95,17.98,17.99,18.0,18.01,1600,100,900,5500,1000,16300,45000,19300,38100,300,900,700,1500,7000,4200,7600,3000,300,6300,700
391.0,17.89,321500,5774271.0,17.89,17.88,17.87,17.86,17.85,17.84,17.83,17.82,17.81,17.8,17.9,17.91,17.92,17.93,17.94,17.95,17.98,17.99,18.0,18.01,1600,100,900,500,5500,1000,16300,45000,19300,38100,900,700,1500,7000,4200,8600,3000,300,6300,700
392.0,17.89,321500,5774271.0,17.89,17.88,17.87,17.86,17.85,17.84,17.83,17.82,17.81,17.8,17.9,17.91,17.92,17.93,17.94,17.95,17.98,17.99,18.0,18.01,1600,100,900,500,5500,1000,16300,45000,19300,38100,900,700,1500,7000,4200,8600,3000,300,6300,700
393.0,17.89,321800,5779639.0,17.89,17.88,17.87,17.86,17.85,17.84,17.83,17.82,17.81,17.8,17.9,17.91,17.92,17.93,17.94,17.95,17.98,17.99,18.0,18.01,1400,100,900,500,5500,1000,16300,45000,19300,38100,800,700,1500,7000,4200,8600,3000,300,6300,700
394.0,17.89,321800,5779639.0,17.89,17.88,17.87,17.86,17.85,17.84,17.83,17.82,17.81,17.8,17.9,17.91,17.92,17.93,17.94,17.95,17.98,17.99,18.0,18.01,1400,100,900,500,5500,1000,17100,45000,19300,38100,800,700,1500,7000,4200,8600,3000,300,6300,700
395.0,17.9,321900,5781429.0,17.89,17.88,17.87,17.86,17.85,17.84,17.83,17.82,17.81,17.8,17.9,17.91,17.92,17.93,17.94,17.95,17.98,17.99,18.0,18.01,1400,900,900,500,5500,1000,17100,45000,19300,38100,700,700,1500,7000,4200,8600,3000,300,6300,700
396.0,17.9,322000,5783219.0,17.89,17.88,17.87,17.86,17.85,17.84,17.83,17.82,17.81,17.8,17.9,17.91,17.92,17.93,17.94,17.95,17.98,17.99,18.0,18.01,1400,900,900,500,5500,1000,17100,45000,19300,38100,600,700,1500,7000,4200,8600,3000,300,6300,700
397.0,17.9,322000,5783219.0,17.89,17.88,17.87,17.86,17.85,17.84,17.83,17.82,17.81,17.8,17.9,17.91,17.92,17.93,17.94,17.95,17.98,17.99,18.0,18.01,1400,900,900,500,5500,1000,17100,45000,19300,38100,600,700,1500,7000,4200,8600,3000,300,6300,700
398.0,17.89,323400,5808265.0,17.88,17.87,17.86,17.85,17.84,17.83,17.82,17.81,17.8,17.79,17.89,17.9,17.91,17.92,17.93,17.94,17.95,17.98,17.99,18.0,900,900,500,5500,1000,17100,45000,19300,38100,300,1600,600,700,1500,7000,3800,8600,3000,300,6300
399.0,17.88,324300,5824357.0,17.87,17.86,17.85,17.84,17.83,17.82,17.81,17.8,17.79,17.78,17.89,17.9,17.91,17.92,17.93,17.94,17.95,17.98,17.99,18.0,900,500,6000,1000,17100,45000,19300,38100,300,3700,2700,600,700,1500,7000,3800,8600,3000,300,6300
400.0,17.89,324500,5827935.0,17.88,17.87,17.86,17.85,17.84,17.83,17.82,17.81,17.8,17.79,17.89,17.9,17.91,17.92,17.93,17.94,17.95,17.98,17.99,18.0,300,900,500,10000,1000,17100,45000,19300,38100,300,2500,600,700,1500,7000,3800,8600,3000,300,6300
401.0,17.89,325100,5838669.0,17.88,17.87,17.86,17.85,17.84,17.83,17.82,17.81,17.8,17.79,17.89,17.9,17.91,17.92,17.93,17.94,17.95,17.98,17.99,18.0,300,900,1000,10000,1000,17100,45000,19300,37600,300,1900,1000,700,1500,7000,3800,8600,3000,300,6300
402.0,17.89,348500,6256206.0,17.84,17.83,17.82,17.81,17.8,17.79,17.78,17.76,17.75,17.74,17.89,17.9,17.91,17.92,17.93,17.94,17.95,17.98,17.99,18.0,1100,7300,45000,19300,37600,300,3700,1400,10500,200,1500,1000,700,1500,7000,3800,5900,3000,300,6300
403.0,17.89,349400,6272307.0,17.85,17.84,17.83,17.82,17.81,17.8,17.79,17.78,17.76,17.75,17.89,17.9,17.91,17.92,17.93,17.94,17.95,17.98,17.99,18.0,4300,600,7300,45000,19300,37600,300,3700,1400,10500,1200,1000,700,1500,7000,3800,5900,3000,300,6300
404.0,17.89,349400,6272307.0,17.85,17.84,17.83,17.82,17.81,17.8,17.79,17.78,17.76,17.75,17.88,17.89,17.9,17.91,17.92,17.93,17.94,17.95,17.98,17.99,5100,600,7300,45000,19300,37600,300,3700,1400,10500,4700,2900,1000,700,1500,7000,3800,5900,3000,300
405.0,17.89,357000,6408186.0,17.85,17.84,17.83,17.82,17.81,17.8,17.79,17.78,17.76,17.75,17.89,17.9,17.91,17.92,17.93,17.94,17.95,17.98,17.99,18.0,4400,600,7300,45000,19300,37600,300,3700,1400,10500,1400,1000,700,1500,7000,3800,5900,3000,300,2400
406.0,17.89,357100,6409975.0,17.85,17.84,17.83,17.82,17.81,17.8,17.79,17.78,17.76,17.75,17.89,17.9,17.91,17.92,17.93,17.94,17.95,17.98,17.99,18.0,6000,600,7300,45000,19300,37600,300,3700,1400,10500,3400,900,700,1500,7000,3800,5900,3000,300,2400
407.0,17.89,357100,6409975.0,17.87,17.86,17.85,17.84,17.83,17.82,17.81,17.8,17.79,17.78,17.89,17.9,17.91,17.92,17.93,17.94,17.95,17.98,17.99,18.0,400,1200,8100,600,7300,45000,19300,37600,300,3700,4300,1300,700,1500,7000,3800,5900,3000,300,2400
408.0,17.85,362900,6513545.0,17.85,17.84,17.83,17.82,17.81,17.8,17.79,17.78,17.76,17.75,17.88,17.89,17.9,17.92,17.93,17.94,17.95,17.98,18.0,18.01,4200,600,7300,45000,19300,37600,300,3700,1400,10500,3100,6300,1300,500,6600,1200,2400,2700,2400,700
