LocalTime,LastPrice,TradeVolume,TradeValue,BidPrice1,BidPrice2,BidPrice3,BidPrice4,BidPrice5,BidPrice6,BidPrice7,BidPrice8,BidPrice9,BidPriceA,AskPrice1,AskPrice2,AskPrice3,AskPrice4,AskPrice5,AskPrice6,AskPrice7,AskPrice8,AskPrice9,AskPriceA,BidVolume1,BidVolume2,BidVolume3,BidVolume4,BidVolume5,BidVolume6,BidVolume7,BidVolume8,BidVolume9,BidVolumeA,AskVolume1,AskVolume2,AskVolume3,AskVolume4,AskVolume5,AskVolume6,AskVolume7,AskVolume8,AskVolume9,AskVolumeA
0.0,9.0,8900,80100.0,9.0,8.98,8.97,8.96,8.95,8.93,8.9,8.89,8.88,8.87,9.02,9.03,9.09,9.12,9.13,9.15,9.17,9.18,9.2,9.21,300,800,900,1000,3800,300,200,3200,1000,3000,200,4900,100,8100,1400,1200,500,3000,500,3900
1.0,9.01,10600,95439.0,9.01,9.0,8.98,8.97,8.96,8.95,8.93,8.9,8.89,8.88,9.03,9.09,9.12,9.13,9.15,9.17,9.18,9.2,9.21,9.23,400,300,800,900,1000,5600,300,200,3200,1000,3900,100,8100,1400,1200,500,3000,1500,3900,1000
2.0,9.0,13700,123343.0,8.98,8.97,8.96,8.95,8.93,8.9,8.89,8.88,8.87,8.86,9.0,9.03,9.12,9.13,9.14,9.15,9.17,9.18,9.2,9.21,800,900,1000,5600,300,200,3200,2000,3000,800,200,3900,8100,1400,300,1200,500,3000,1500,3900
3.0,8.97,14700,132321.0,8.97,8.96,8.95,8.93,8.91,8.9,8.89,8.88,8.87,8.86,9.0,9.02,9.03,9.05,9.12,9.13,9.14,9.15,9.17,9.18,800,1000,5600,300,1000,200,3200,2000,3000,800,500,200,3900,4000,8100,1400,300,1200,500,3000
4.0,9.0,14800,133221.0,8.97,8.96,8.95,8.93,8.91,8.89,8.88,8.87,8.86,8.85,9.0,9.02,9.03,9.05,9.11,9.12,9.13,9.14,9.15,9.17,800,1000,5600,300,1000,3200,2000,3000,5800,1000,400,200,3900,4000,4200,8100,1400,300,1200,500
5.0,9.0,14800,133221.0,8.97,8.96,8.95,8.93,8.91,8.89,8.88,8.87,8.86,8.85,9.0,9.02,9.03,9.05,9.11,9.12,9.13,9.14,9.15,9.17,800,1000,5900,300,1000,3200,2000,3000,5800,9700,400,200,3900,4000,4200,8100,1800,300,1200,500
6.0,9.02,16600,149456.0,9.02,8.99,8.97,8.96,8.95,8.93,8.91,8.89,8.88,8.87,9.03,9.05,9.11,9.12,9.13,9.14,9.15,9.17,9.18,9.2,600,100,800,1000,5900,300,1000,3200,2000,3000,3200,4000,4200,8100,1800,400,1200,500,3000,1500
7.0,9.02,16700,150358.0,9.02,9.01,9.0,8.99,8.97,8.96,8.95,8.93,8.92,8.91,9.03,9.05,9.11,9.12,9.13,9.14,9.15,9.17,9.18,9.2,500,600,1900,500,800,1000,5900,300,1000,1000,2200,4000,4200,8100,1800,400,1200,500,3000,1500
8.0,9.02,16800,151260.0,9.02,9.01,9.0,8.99,8.98,8.97,8.96,8.95,8.94,8.93,9.03,9.05,9.1,9.11,9.12,9.13,9.14,9.15,9.17,9.18,400,600,2000,500,700,800,1000,5900,6300,300,2200,4000,600,8200,8100,1800,400,1200,500,3000
9.0,9.02,17200,154868.0,9.02,9.01,9.0,8.99,8.98,8.97,8.96,8.95,8.94,8.93,9.03,9.05,9.1,9.11,9.12,9.13,9.14,9.15,9.17,9.18,100,600,2600,500,700,800,1000,5900,6300,300,2200,4000,600,8200,8100,1800,400,1200,500,3000
10.0,9.0,20400,183686.0,9.0,8.99,8.98,8.97,8.96,8.95,8.94,8.93,8.92,8.91,9.03,9.05,9.1,9.11,9.12,9.13,9.14,9.15,9.17,9.18,600,500,2500,800,1000,5900,6300,300,1000,1000,2200,4000,600,8200,8100,1800,400,1200,500,3000
11.0,9.03,22800,205355.0,9.02,9.0,8.99,8.98,8.97,8.96,8.95,8.94,8.93,8.92,9.03,9.05,9.1,9.11,9.12,9.13,9.14,9.15,9.17,9.18,200,600,500,3300,800,1200,5900,6300,300,1000,100,4000,600,8200,8100,1800,400,1200,500,3000
12.0,9.03,22800,205355.0,9.02,9.0,8.99,8.98,8.97,8.96,8.95,8.94,8.93,8.92,9.03,9.05,9.1,9.11,9.12,9.13,9.14,9.15,9.17,9.18,200,600,500,3300,800,1200,5900,6300,300,1000,700,4000,2600,8200,8100,1800,400,1200,500,3000
13.0,9.02,23000,207159.0,9.0,8.99,8.98,8.97,8.96,8.95,8.94,8.93,8.92,8.91,9.02,9.03,9.05,9.1,9.11,9.12,9.13,9.14,9.15,9.17,600,500,3300,800,1200,5900,6300,300,1000,1000,300,2600,4000,2600,8200,8100,1800,400,1200,500
14.0,9.0,23200,208959.0,9.01,9.0,8.99,8.98,8.97,8.96,8.95,8.94,8.93,8.92,9.02,9.03,9.05,9.1,9.11,9.12,9.13,9.14,9.15,9.17,6000,400,200,3300,800,1200,5900,6300,300,1000,3300,2400,4000,2600,4800,8100,1800,400,1200,500
15.0,8.99,29800,268417.0,8.98,8.97,8.96,8.95,8.94,8.93,8.92,8.91,8.9,8.89,8.99,9.0,9.01,9.02,9.03,9.05,9.1,9.11,9.12,9.13,2400,800,1200,5900,6300,300,1000,1000,2000,3200,300,900,7500,4000,2400,4000,2600,4800,8100,1800
16.0,8.99,29900,269316.0,8.98,8.97,8.96,8.95,8.94,8.93,8.92,8.91,8.9,8.89,8.99,9.0,9.01,9.02,9.03,9.05,9.1,9.11,9.12,9.13,2100,800,1200,5900,6300,300,1000,1000,2000,3200,200,900,7500,4000,2400,4000,2600,4800,8100,1800
17.0,8.98,30000,270214.0,8.98,8.97,8.96,8.95,8.94,8.93,8.92,8.91,8.9,8.89,8.99,9.0,9.01,9.02,9.03,9.05,9.1,9.11,9.12,9.13,2600,800,1200,5900,6300,300,1000,1000,2000,3200,300,900,7500,3100,2400,4000,2600,4800,8100,1800
18.0,8.98,30000,270214.0,8.98,8.97,8.96,8.95,8.94,8.93,8.92,8.91,8.9,8.89,8.99,9.0,9.01,9.02,9.03,9.05,9.1,9.11,9.12,9.13,2600,800,1200,5900,6300,300,1000,1000,2000,3200,300,900,7500,2900,2400,4000,2600,4800,8100,1800
19.0,8.99,30100,271113.0,8.98,8.97,8.96,8.95,8.94,8.93,8.92,8.91,8.9,8.89,8.99,9.0,9.01,9.02,9.03,9.05,9.1,9.11,9.12,9.13,2600,800,1200,5900,6300,300,1000,1000,2000,3200,200,900,7500,2900,2400,4000,2600,4800,8100,1800
20.0,8.99,30200,272012.0,8.98,8.97,8.96,8.95,8.94,8.93,8.92,8.91,8.9,8.89,8.99,9.0,9.01,9.02,9.03,9.05,9.1,9.11,9.12,9.13,2000,800,1200,5900,6300,300,1000,1000,2000,3200,100,900,7500,2900,2400,4000,2600,4800,8100,1800
21.0,8.99,30200,272012.0,8.98,8.97,8.96,8.95,8.94,8.93,8.92,8.91,8.9,8.89,8.99,9.0,9.01,9.02,9.03,9.05,9.1,9.11,9.12,9.13,600,800,1200,5900,6300,300,1000,1000,2000,3200,100,900,7500,3000,2300,4000,2600,4800,8100,1800
22.0,8.98,30600,275604.0,8.98,8.97,8.96,8.95,8.94,8.93,8.92,8.91,8.9,8.89,8.99,9.0,9.01,9.02,9.03,9.05,9.1,9.11,9.12,9.13,200,800,1200,5900,6300,300,1000,1000,2000,3200,100,900,7500,3000,2300,4000,2600,4800,8100,1800
23.0,8.98,30800,277400.0,8.97,8.96,8.95,8.94,8.93,8.92,8.91,8.9,8.89,8.88,8.99,9.0,9.01,9.02,9.03,9.05,9.1,9.11,9.12,9.13,800,1200,5900,6300,300,1000,1000,2000,3200,2000,6500,900,7500,3000,2300,4000,2600,4800,8100,1800
24.0,8.98,30800,277400.0,8.97,8.96,8.95,8.94,8.93,8.92,8.91,8.9,8.89,8.88,8.98,8.99,9.0,9.01,9.02,9.03,9.05,9.1,9.11,9.12,800,1200,5900,6300,300,1000,1000,2000,3200,2000,200,6500,900,7500,3000,2300,4000,2600,4800,8100
25.0,8.98,30800,277400.0,8.97,8.96,8.95,8.94,8.93,8.92,8.91,8.9,8.89,8.88,8.98,8.99,9.0,9.01,9.02,9.03,9.05,9.1,9.11,9.12,800,1200,5900,6300,300,1000,1000,2000,3200,2000,1000,6500,900,7500,3000,2300,4000,2600,4800,8100
26.0,8.97,31000,279194.0,8.97,8.96,8.95,8.94,8.93,8.92,8.91,8.9,8.89,8.88,8.98,8.99,9.0,9.01,9.02,9.03,9.05,9.1,9.11,9.12,600,1200,5900,6300,300,1000,1000,2000,3200,2000,1200,6500,800,7500,2900,2300,4000,2600,4800,8100
27.0,8.97,31600,284576.0,8.96,8.95,8.94,8.93,8.92,8.91,8.9,8.89,8.88,8.87,8.97,8.98,8.99,9.0,9.01,9.02,9.03,9.05,9.1,9.11,1200,5900,6300,300,1000,1000,2000,3200,2000,3000,1300,1300,6500,800,7500,2900,2300,4000,2600,4800
28.0,8.97,31600,284576.0,8.96,8.95,8.94,8.93,8.92,8.91,8.9,8.89,8.88,8.87,8.97,8.98,8.99,9.0,9.01,9.02,9.03,9.05,9.1,9.11,1200,5900,6300,300,1000,1000,2000,3200,2000,3000,1300,2300,6500,800,7400,2900,2300,4000,2600,4800
29.0,8.97,31700,285473.0,8.96,8.95,8.94,8.93,8.92,8.91,8.9,8.89,8.88,8.87,8.97,8.98,8.99,9.0,9.01,9.02,9.03,9.05,9.1,9.11,1200,5900,6300,300,1000,1000,2000,3200,2000,3000,1300,2300,6500,800,7400,2900,2300,4000,2600,4800
30.0,8.97,32700,294443.0,8.96,8.95,8.94,8.93,8.92,8.91,8.9,8.89,8.88,8.87,8.97,8.98,8.99,9.0,9.01,9.02,9.03,9.05,9.1,9.11,1200,5900,6300,300,1000,1000,2000,3200,2000,3000,100,2000,6500,800,7400,2900,2300,4000,2600,4800
31.0,8.96,33100,298027.0,8.96,8.95,8.94,8.93,8.92,8.91,8.9,8.89,8.88,8.87,8.97,8.98,8.99,9.0,9.01,9.02,9.03,9.05,9.1,9.11,900,5900,6300,300,1000,1000,2000,3200,2000,3000,100,2000,6500,800,7400,2800,2300,4000,2600,4800
32.0,8.97,37200,334803.0,8.97,8.96,8.95,8.94,8.93,8.92,8.91,8.9,8.89,8.88,8.98,8.99,9.0,9.01,9.02,9.03,9.05,9.1,9.11,9.12,400,1200,5900,6300,300,1000,1000,2000,3200,2000,2400,6400,800,7400,2800,2300,4000,2600,4800,8100
33.0,8.97,37200,334803.0,8.97,8.96,8.95,8.94,8.93,8.92,8.91,8.9,8.89,8.88,8.98,8.99,9.0,9.01,9.02,9.03,9.05,9.1,9.11,9.12,400,1200,5900,6300,300,1000,1000,2000,3200,2000,2300,6400,800,7400,2800,2300,4000,2600,4800,8100
34.0,8.97,37300,335700.0,8.97,8.96,8.95,8.94,8.93,8.92,8.91,8.9,8.89,8.88,8.98,8.99,9.0,9.01,9.02,9.03,9.05,9.1,9.11,9.12,4700,1200,5900,6300,300,1000,1000,2000,3200,2000,2400,6400,400,7400,2800,2300,4000,2600,4800,8100
35.0,8.97,38900,350052.0,8.97,8.96,8.95,8.94,8.93,8.92,8.91,8.9,8.89,8.88,8.98,8.99,9.0,9.01,9.02,9.03,9.05,9.1,9.11,9.12,3800,1200,5900,6300,300,1000,1000,2500,3200,2000,2500,6400,400,7400,2800,2300,4000,2600,4800,8100
36.0,8.97,38900,350052.0,8.97,8.96,8.95,8.94,8.93,8.92,8.91,8.9,8.89,8.88,8.98,8.99,9.0,9.01,9.02,9.03,9.05,9.1,9.11,9.12,3800,1200,5900,6300,300,1000,1000,2500,3200,2000,1100,6400,400,7400,2800,2300,4000,2600,4800,8100
37.0,8.98,40000,359930.0,8.98,8.97,8.96,8.95,8.94,8.93,8.92,8.91,8.9,8.89,8.99,9.0,9.01,9.02,9.03,9.05,9.1,9.11,9.12,9.13,1100,4000,1200,5900,6300,300,1000,1000,2500,3200,7800,400,7400,2800,2300,4000,2600,4800,8100,1800
38.0,8.98,40100,360828.0,8.98,8.97,8.96,8.95,8.94,8.93,8.92,8.91,8.9,8.89,8.99,9.0,9.01,9.02,9.03,9.05,9.1,9.11,9.12,9.13,1000,8000,1200,5900,6300,300,1000,1000,2500,3200,7800,400,7400,2800,2300,4000,2600,4800,8100,1800
39.0,8.98,40200,361726.0,8.98,8.97,8.96,8.95,8.94,8.93,8.92,8.91,8.9,8.89,8.99,9.0,9.01,9.02,9.03,9.05,9.1,9.11,9.12,9.13,900,8700,1200,5900,6300,300,1000,1000,2500,3200,7800,400,7400,2800,2300,4000,2600,4800,8100,1800
40.0,8.98,41100,369808.0,8.97,8.96,8.95,8.94,8.93,8.92,8.91,8.9,8.89,8.88,8.98,8.99,9.0,9.01,9.02,9.03,9.05,9.1,9.11,9.12,8700,1200,5900,6300,300,1000,1000,2500,3200,2000,200,7800,400,7400,2800,2300,4000,2600,4800,8100
41.0,8.97,41900,376984.0,8.97,8.96,8.95,8.94,8.93,8.92,8.91,8.9,8.89,8.88,8.98,8.99,9.0,9.01,9.02,9.03,9.05,9.1,9.11,9.12,7900,1200,5900,6300,300,1000,1000,2500,3200,2000,200,7800,400,7400,2800,2300,4000,2600,4800,8100
42.0,8.99,47800,430015.0,8.98,8.97,8.96,8.95,8.94,8.93,8.92,8.91,8.9,8.89,8.99,9.0,9.01,9.02,9.03,9.05,9.1,9.11,9.12,9.13,4100,6900,1200,5900,6300,300,1000,1000,2500,3200,2800,400,4700,2800,2300,4000,2600,4800,8100,1800
43.0,8.98,48600,437199.0,8.98,8.97,8.96,8.95,8.94,8.93,8.92,8.91,8.9,8.89,8.99,9.0,9.01,9.02,9.03,9.05,9.1,9.11,9.12,9.13,3400,6900,1200,6000,6300,300,1000,1000,2500,3200,2800,400,4700,2800,2300,4000,2600,4800,8100,1800
44.0,8.99,50400,453378.0,8.98,8.97,8.96,8.95,8.94,8.93,8.92,8.91,8.9,8.89,8.99,9.0,9.01,9.02,9.03,9.05,9.1,9.11,9.12,9.13,3200,6900,1200,6000,6300,300,1000,1000,2500,3200,1300,400,4700,2800,2300,4000,2600,4800,8100,1800
45.0,8.99,51700,465065.0,8.99,8.98,8.97,8.96,8.95,8.94,8.93,8.92,8.91,8.9,9.0,9.01,9.02,9.03,9.05,9.1,9.11,9.12,9.13,9.14,3200,3100,6900,1200,6000,6300,300,1000,1000,2500,400,4700,2800,2300,4000,2600,4800,8100,1800,400
46.0,8.99,51700,465065.0,8.99,8.98,8.97,8.96,8.95,8.94,8.93,8.92,8.91,8.9,9.0,9.01,9.02,9.03,9.05,9.1,9.11,9.12,9.13,9.14,3200,3100,6900,1200,6000,6300,300,1000,1000,2500,400,4700,2800,2300,4000,2600,4800,8100,1800,400
47.0,8.98,58300,524367.0,8.97,8.96,8.95,8.94,8.93,8.92,8.91,8.9,8.89,8.88,8.98,8.99,9.0,9.01,9.02,9.03,9.05,9.1,9.11,9.12,6900,1000,6000,7900,300,1000,1000,2500,3200,2000,1800,6400,500,4700,3200,2300,4000,2600,4800,8100
48.0,8.97,58800,528854.0,8.97,8.96,8.95,8.94,8.93,8.92,8.91,8.9,8.89,8.88,8.98,8.99,9.0,9.01,9.02,9.03,9.05,9.1,9.11,9.12,6600,1000,6000,7900,300,1000,1000,2500,3200,2000,1600,6400,500,4700,3800,2300,4000,2600,4800,8100
49.0,8.97,58800,528854.0,8.97,8.96,8.95,8.94,8.93,8.92,8.91,8.9,8.89,8.88,8.98,8.99,9.0,9.01,9.02,9.03,9.05,9.1,9.11,9.12,6600,1000,6000,7900,300,1000,1000,3000,3200,2000,1600,6400,500,4700,3800,2300,4000,2600,4800,8100
50.0,8.98,59500,535134.0,8.97,8.96,8.95,8.94,8.93,8.92,8.91,8.9,8.89,8.88,8.98,8.99,9.0,9.01,9.02,9.03,9.05,9.1,9.11,9.12,6200,1000,6000,7900,300,1000,1000,3000,3200,2000,1500,6300,500,4700,3800,2300,4000,2600,4800,8100
51.0,8.98,59500,535134.0,8.97,8.96,8.95,8.94,8.93,8.92,8.91,8.9,8.89,8.88,8.98,8.99,9.0,9.01,9.02,9.03,9.05,9.1,9.11,9.12,6200,1000,6700,7900,300,1000,1000,3000,3200,2000,1500,6300,400,4700,2800,2300,4000,2600,4800,8100
52.0,8.98,61000,548604.0,8.98,8.97,8.96,8.95,8.94,8.93,8.92,8.91,8.9,8.89,8.99,9.0,9.01,9.02,9.03,9.05,9.1,9.11,9.12,9.13,3100,6200,1000,6700,7900,300,1000,1000,3000,3200,7700,400,4700,2800,2300,4000,2600,4800,8100,1800
53.0,8.98,61500,553096.0,8.98,8.97,8.96,8.95,8.94,8.93,8.92,8.91,8.9,8.89,8.99,9.0,9.01,9.02,9.03,9.05,9.1,9.11,9.12,9.13,2800,6200,1000,6700,7900,300,1000,1000,3000,3200,4000,400,4700,2800,2300,4000,2600,4800,8100,1800
54.0,8.99,65500,589056.0,8.99,8.98,8.97,8.96,8.95,8.94,8.93,8.92,8.91,8.9,9.0,9.01,9.02,9.03,9.05,9.1,9.11,9.12,9.13,9.14,8300,2800,6200,1000,6700,7900,300,1000,1000,3000,400,4700,2800,2300,4000,2600,4800,8100,1800,400
55.0,9.0,67200,604340.0,8.99,8.98,8.97,8.96,8.95,8.94,8.93,8.92,8.91,8.9,9.0,9.01,9.02,9.03,9.05,9.1,9.11,9.12,9.13,9.14,6700,2800,6200,1000,6700,7900,300,1000,1000,3000,200,4700,2800,2300,4000,2600,4800,8100,1800,400
56.0,9.0,71700,644799.0,9.0,8.99,8.98,8.97,8.96,8.95,8.94,8.93,8.92,8.91,9.01,9.02,9.03,9.05,9.1,9.11,9.12,9.13,9.14,9.15,200,2600,3100,6200,3000,6700,7900,300,1000,1000,4700,2800,2300,4000,2600,4800,8100,1800,400,1200
57.0,9.0,72800,654699.0,9.0,8.99,8.98,8.97,8.96,8.95,8.94,8.93,8.92,8.91,9.01,9.02,9.03,9.05,9.1,9.11,9.12,9.13,9.14,9.15,200,2600,3100,6100,3000,6700,7900,300,1000,1000,4700,2800,2300,4000,2600,4800,8100,1800,400,1200
58.0,9.0,72800,654699.0,9.0,8.99,8.98,8.97,8.96,8.95,8.94,8.93,8.92,8.91,9.01,9.02,9.03,9.05,9.1,9.11,9.12,9.13,9.14,9.15,200,2600,3100,6100,3000,6700,7900,300,1000,1000,4700,2800,2300,4000,2600,4800,8100,1800,400,1200
59.0,9.0,73000,656499.0,8.99,8.98,8.97,8.96,8.95,8.94,8.93,8.92,8.91,8.9,9.0,9.01,9.02,9.03,9.05,9.1,9.11,9.12,9.13,9.14,2600,3100,6100,3000,6700,7900,300,1000,1000,3000,4700,4700,2800,2300,4000,2600,4800,8100,1800,400
60.0,9.0,73000,656499.0,8.99,8.98,8.97,8.96,8.95,8.94,8.93,8.92,8.91,8.9,9.0,9.01,9.02,9.03,9.05,9.1,9.11,9.12,9.13,9.14,2600,3100,6100,3000,6700,7900,300,1000,1000,3000,4700,4700,2800,2300,4000,2600,4800,8100,1800,400
61.0,9.0,73100,657399.0,8.99,8.98,8.97,8.96,8.95,8.94,8.93,8.92,8.91,8.9,9.0,9.01,9.02,9.03,9.05,9.1,9.11,9.12,9.13,9.14,2600,3100,6100,3000,7300,7900,300,1000,1000,3000,4600,4700,2800,2300,4000,2600,4800,8100,1800,400
62.0,9.0,73500,660999.0,8.99,8.98,8.97,8.96,8.95,8.94,8.93,8.92,8.91,8.9,9.0,9.01,9.02,9.03,9.05,9.1,9.11,9.12,9.13,9.14,2600,3100,8100,3000,7300,7900,300,1000,1000,3000,4200,4700,2800,2300,4000,2600,4800,8100,1800,400
63.0,9.0,73500,660999.0,8.99,8.98,8.97,8.96,8.95,8.94,8.93,8.92,8.91,8.9,9.0,9.01,9.02,9.03,9.05,9.1,9.11,9.12,9.13,9.14,2600,3100,8100,3000,7300,7900,300,1000,1000,3000,4200,4700,2800,2300,4000,2600,4800,8100,1800,400
64.0,9.0,73500,660999.0,8.99,8.98,8.97,8.96,8.95,8.94,8.93,8.92,8.91,8.9,9.0,9.01,9.02,9.03,9.05,9.1,9.11,9.12,9.13,9.14,2600,3100,8100,3000,7300,7900,300,1000,1000,3000,4200,4700,2800,2300,4000,2600,4800,8100,1800,400
65.0,9.0,73900,664599.0,8.99,8.98,8.97,8.96,8.95,8.94,8.93,8.92,8.91,8.9,9.0,9.01,9.02,9.03,9.05,9.1,9.11,9.12,9.13,9.14,2600,3100,8100,3000,7300,7900,300,1000,1000,3000,5100,4700,2800,2300,4000,2600,4800,8100,1800,400
66.0,8.99,74900,673594.0,8.99,8.98,8.97,8.96,8.95,8.94,8.93,8.92,8.91,8.9,9.0,9.01,9.02,9.03,9.05,9.1,9.11,9.12,9.13,9.14,2500,3100,8100,3000,7300,7900,300,1000,1000,3000,4600,4700,2800,2300,4000,2600,4800,8100,1800,400
67.0,9.0,79500,714994.0,9.0,8.99,8.98,8.97,8.96,8.95,8.94,8.93,8.92,8.91,9.01,9.02,9.03,9.05,9.1,9.11,9.12,9.13,9.14,9.15,1700,2500,300,8100,2500,7300,7900,300,1000,1000,1100,2800,2300,4000,2600,4800,8100,1800,400,1200
68.0,9.0,80800,726694.0,9.0,8.99,8.98,8.97,8.96,8.95,8.94,8.93,8.92,8.91,9.01,9.02,9.03,9.05,9.1,9.11,9.12,9.13,9.14,9.15,3500,2500,300,8100,2500,7300,7900,300,1000,1000,1100,2800,2300,4000,2600,4800,8100,1800,400,1200
69.0,9.0,81900,736595.0,9.0,8.99,8.98,8.97,8.96,8.95,8.94,8.93,8.92,8.91,9.01,9.02,9.03,9.05,9.1,9.11,9.12,9.13,9.14,9.15,7300,2500,300,7000,2500,7300,7900,300,1000,1000,1000,2800,2300,4000,2600,4800,8100,1800,400,1200
70.0,9.0,82200,739295.0,9.0,8.99,8.98,8.97,8.96,8.95,8.94,8.93,8.92,8.91,9.01,9.02,9.03,9.05,9.1,9.11,9.12,9.13,9.14,9.15,7100,2500,300,7000,2500,7300,7900,300,1000,1000,1000,2800,2300,4000,2600,4800,8100,1800,400,1200
71.0,9.01,82500,741998.0,9.0,8.99,8.98,8.97,8.96,8.95,8.94,8.93,8.92,8.91,9.01,9.02,9.03,9.05,9.1,9.11,9.12,9.13,9.14,9.15,7100,2500,300,7000,2500,7300,7900,300,1000,1000,900,2800,2300,4000,2600,4800,8100,1800,400,1200
72.0,9.01,82500,741998.0,9.0,8.99,8.98,8.97,8.96,8.95,8.94,8.93,8.92,8.91,9.01,9.02,9.03,9.05,9.1,9.11,9.12,9.13,9.14,9.15,7500,2100,300,7000,2500,7300,7900,300,1000,1000,900,2800,2300,4000,2600,800,8100,1800,400,1200
73.0,9.01,82500,741998.0,9.0,8.99,8.98,8.97,8.96,8.95,8.94,8.93,8.92,8.91,9.01,9.02,9.03,9.05,9.1,9.11,9.12,9.13,9.14,9.15,7500,2100,300,7000,2500,7300,7900,300,1000,1000,900,2800,2300,4000,2600,800,8100,1800,400,1200
74.0,9.01,82600,742899.0,9.0,8.99,8.98,8.97,8.96,8.95,8.94,8.93,8.92,8.91,9.01,9.02,9.03,9.05,9.1,9.11,9.12,9.13,9.14,9.15,7500,2100,300,7000,2500,7300,7900,300,1000,1000,800,2800,2300,4000,2600,800,8100,1800,400,1200
75.0,9.01,82600,742899.0,9.0,8.99,8.98,8.97,8.96,8.95,8.94,8.93,8.92,8.91,9.01,9.02,9.03,9.05,9.1,9.11,9.12,9.13,9.14,9.15,7500,2100,300,7000,2500,7300,7900,300,1000,1000,800,2800,2300,4000,2600,800,8100,1800,400,1200
76.0,9.01,82600,742899.0,9.0,8.99,8.98,8.97,8.96,8.95,8.94,8.93,8.92,8.91,9.01,9.02,9.03,9.05,9.1,9.11,9.12,9.13,9.14,9.15,7500,2100,300,7000,2500,7300,7900,300,1000,1000,800,2800,2300,4000,2600,800,8100,1800,400,1200
77.0,9.0,85300,767199.0,9.0,8.99,8.98,8.97,8.96,8.95,8.94,8.93,8.92,8.91,9.01,9.02,9.03,9.05,9.1,9.11,9.12,9.13,9.14,9.15,4800,2100,300,7000,2500,12300,7900,300,1000,1000,800,2800,2300,4000,2600,800,8100,1800,400,1200
78.0,9.0,86900,781599.0,9.0,8.99,8.98,8.97,8.96,8.95,8.94,8.93,8.92,8.91,9.01,9.02,9.03,9.05,9.1,9.11,9.12,9.13,9.14,9.15,4400,2100,300,7000,2500,12300,7900,300,1000,1000,800,2800,2300,4000,2600,800,8100,1800,400,1200
79.0,9.0,86900,781599.0,9.0,8.99,8.98,8.97,8.96,8.95,8.94,8.93,8.92,8.91,9.01,9.02,9.03,9.05,9.1,9.11,9.12,9.13,9.14,9.15,4900,2100,300,7000,2500,12300,7900,300,1000,1000,800,2800,2300,4000,2600,800,8100,1800,400,1200
80.0,9.0,86900,781599.0,9.0,8.99,8.98,8.97,8.96,8.95,8.94,8.93,8.92,8.91,9.01,9.02,9.03,9.05,9.1,9.11,9.12,9.13,9.14,9.15,4900,2100,300,7000,2500,12300,7900,300,1000,1000,800,2800,2300,4000,2600,800,8100,1800,400,1200
81.0,9.0,86900,781599.0,9.0,8.99,8.98,8.97,8.96,8.95,8.94,8.93,8.92,8.91,9.01,9.02,9.03,9.05,9.1,9.11,9.12,9.13,9.14,9.15,4900,2100,300,7100,2500,12300,7900,300,1000,1000,800,2800,2300,4000,2600,800,8100,1800,400,1200
82.0,9.01,87500,787005.0,9.0,8.99,8.98,8.97,8.96,8.95,8.94,8.93,8.92,8.91,9.01,9.02,9.03,9.05,9.1,9.11,9.12,9.13,9.14,9.15,4900,2100,300,7100,2500,11700,7900,300,1000,1000,200,2800,2300,4000,2600,800,8100,1800,400,1200
83.0,9.01,87500,787005.0,9.0,8.99,8.98,8.97,8.96,8.95,8.94,8.93,8.92,8.91,9.01,9.02,9.03,9.05,9.1,9.11,9.12,9.13,9.14,9.15,4900,2100,300,7100,2500,11700,7900,300,1000,1000,200,2800,2300,4000,2600,800,8100,1800,400,1200
84.0,9.01,87500,787005.0,9.0,8.99,8.98,8.97,8.96,8.95,8.94,8.93,8.92,8.91,9.01,9.02,9.03,9.05,9.1,9.11,9.12,9.13,9.14,9.15,4900,2100,300,7100,2500,11700,7900,300,1000,1000,200,2800,2300,4000,2600,800,8100,1800,400,1200
85.0,9.01,87500,787005.0,9.0,8.99,8.98,8.97,8.96,8.95,8.94,8.93,8.92,8.91,9.01,9.02,9.03,9.05,9.1,9.11,9.12,9.13,9.14,9.15,4900,2100,300,7100,2500,11700,7900,300,1000,1000,200,2800,2300,4000,2600,800,8100,1800,400,1200
86.0,9.03,91000,818578.0,9.0,8.99,8.98,8.97,8.96,8.95,8.94,8.93,8.92,8.91,9.03,9.05,9.1,9.11,9.12,9.13,9.14,9.15,9.17,9.18,4900,2100,300,7100,2500,11700,7900,300,1000,1000,1800,4000,2600,800,8100,1800,400,1200,3100,3000
87.0,9.03,91000,818578.0,9.0,8.99,8.98,8.97,8.96,8.95,8.94,8.93,8.92,8.91,9.03,9.05,9.1,9.11,9.12,9.13,9.14,9.15,9.17,9.18,4900,2100,1300,7100,2500,11700,7900,300,1000,1000,1800,4000,2600,800,8100,1800,400,1200,3100,3000
88.0,9.03,91100,819481.0,9.01,9.0,8.98,8.97,8.96,8.95,8.94,8.93,8.92,8.91,9.03,9.05,9.1,9.11,9.12,9.13,9.14,9.15,9.17,9.18,3400,4900,1300,7100,2500,11700,7900,300,1000,1000,1700,4000,2600,800,8100,1800,400,1200,3100,3000
89.0,9.01,91400,822184.0,9.01,9.0,8.98,8.97,8.96,8.95,8.94,8.93,8.92,8.91,9.03,9.05,9.1,9.11,9.12,9.13,9.14,9.15,9.17,9.18,3100,5000,1300,7500,2500,11700,7900,300,1000,1000,1700,4000,2600,800,8100,1800,400,1200,3100,3000
90.0,9.01,91400,822184.0,9.01,9.0,8.98,8.97,8.96,8.95,8.94,8.93,8.92,8.91,9.03,9.05,9.1,9.11,9.12,9.13,9.14,9.15,9.17,9.18,3400,3900,1300,7500,2500,11700,7900,300,1000,1000,3100,4000,2600,800,8100,1800,400,1200,3100,3000
91.0,9.01,91400,822184.0,9.01,9.0,8.98,8.97,8.96,8.95,8.94,8.93,8.92,8.91,9.03,9.05,9.1,9.11,9.12,9.13,9.14,9.15,9.17,9.18,3400,3900,1300,7500,2500,11700,7900,300,1000,1000,3200,4000,2600,800,8100,1800,400,1200,3100,3000
92.0,9.03,91700,824893.0,9.01,9.0,8.98,8.97,8.96,8.95,8.94,8.93,8.92,8.91,9.03,9.05,9.1,9.11,9.12,9.13,9.14,9.15,9.17,9.18,3400,3900,1300,7500,2500,11700,7900,300,1000,1000,2900,4000,2600,800,8100,1800,400,1200,3100,3000
93.0,9.03,92200,829408.0,9.01,9.0,8.98,8.97,8.96,8.95,8.94,8.93,8.92,8.91,9.03,9.05,9.1,9.11,9.12,9.13,9.14,9.15,9.17,9.18,3400,3900,1300,7500,2500,11700,7900,700,1000,1000,2400,4000,2600,800,8100,1800,400,1200,3100,3000
94.0,9.03,92200,829408.0,9.01,9.0,8.98,8.97,8.96,8.95,8.94,8.93,8.92,8.91,9.03,9.05,9.1,9.11,9.12,9.13,9.14,9.15,9.17,9.18,3400,3900,1300,7500,2500,11700,7900,700,1000,1000,2400,4000,2600,800,8100,1800,400,1200,3100,3000
95.0,9.03,92400,831214.0,9.02,9.01,9.0,8.98,8.97,8.96,8.95,8.94,8.93,8.92,9.03,9.05,9.1,9.11,9.12,9.13,9.14,9.15,9.17,9.18,100,3400,3900,1300,7500,2500,11700,7900,700,1000,2200,4000,2600,800,8100,1800,400,1200,3100,3000
96.0,9.03,92400,831214.0,9.02,9.01,9.0,8.98,8.97,8.96,8.95,8.94,8.93,8.92,9.03,9.05,9.1,9.11,9.12,9.13,9.14,9.15,9.17,9.18,1600,3400,3900,1600,7500,2500,11700,7900,700,1000,2200,4000,2600,800,8100,1800,400,1200,3100,3000
97.0,9.01,95500,859165.0,9.01,9.0,8.98,8.97,8.96,8.95,8.94,8.93,8.92,8.91,9.03,9.05,9.1,9.11,9.12,9.13,9.14,9.15,9.17,9.18,2100,3900,1300,7500,2500,11700,7900,700,1000,1000,2100,4000,2600,800,8100,1800,400,1200,3100,3000
98.0,9.03,95700,860971.0,9.01,9.0,8.98,8.97,8.96,8.95,8.94,8.93,8.92,8.91,9.03,9.05,9.1,9.11,9.12,9.13,9.14,9.15,9.17,9.18,2100,3900,1300,7500,2500,11700,7900,700,1000,1000,1900,4000,2600,1800,8100,1800,400,1200,3100,3000
99.0,9.03,95700,860971.0,9.01,9.0,8.98,8.97,8.96,8.95,8.94,8.93,8.92,8.91,9.03,9.05,9.1,9.11,9.12,9.13,9.14,9.15,9.17,9.18,2100,3900,1300,7500,2500,11700,7900,700,1000,1000,1900,4000,2600,1800,8100,1800,400,1200,3100,3000
100.0,9.03,96000,863680.0,9.01,9.0,8.98,8.97,8.96,8.95,8.94,8.93,8.92,8.91,9.03,9.05,9.1,9.11,9.12,9.13,9.14,9.15,9.17,9.18,2100,3900,1300,7500,2500,11700,7900,700,1000,1000,1600,4000,2600,1800,8100,1800,400,1200,3100,3000
101.0,9.03,96000,863680.0,9.01,9.0,8.98,8.97,8.96,8.95,8.94,8.93,8.92,8.91,9.02,9.03,9.05,9.1,9.11,9.12,9.13,9.14,9.15,9.17,2100,3900,1300,7500,2500,11700,7900,700,1000,1000,200,1600,4000,2600,1800,8100,1800,400,1200,3100
102.0,9.03,96000,863680.0,9.01,9.0,8.98,8.97,8.96,8.95,8.94,8.93,8.92,8.91,9.02,9.03,9.05,9.1,9.11,9.12,9.13,9.14,9.15,9.17,2200,3900,1300,7500,2500,11700,7900,700,1000,1000,400,1600,4000,2600,1800,8100,1800,400,1200,3100
103.0,9.02,96300,866386.0,9.01,9.0,8.98,8.97,8.96,8.95,8.94,8.93,8.92,8.91,9.02,9.03,9.05,9.1,9.11,9.12,9.13,9.14,9.15,9.17,4500,3900,1300,7500,2500,11700,7900,700,1000,1000,100,1600,4000,2600,1800,8100,1800,400,1200,3100
104.0,9.01,96700,869990.0,9.01,9.0,8.98,8.97,8.96,8.95,8.94,8.93,8.92,8.91,9.02,9.03,9.05,9.1,9.11,9.12,9.13,9.14,9.15,9.17,4100,3900,1300,7500,2500,11700,7900,700,1000,1000,100,1600,4000,2600,1800,8100,1800,400,1200,3100
105.0,9.01,96700,869990.0,9.01,9.0,8.98,8.97,8.96,8.95,8.94,8.93,8.92,8.91,9.02,9.03,9.05,9.1,9.11,9.12,9.13,9.14,9.15,9.17,5400,3900,1300,7500,2500,11700,7900,700,1000,1000,100,1600,4000,2600,1800,8100,1800,400,1200,3100
106.0,9.01,96700,869990.0,9.01,9.0,8.98,8.97,8.96,8.95,8.94,8.93,8.92,8.91,9.02,9.03,9.05,9.1,9.11,9.12,9.13,9.14,9.15,9.17,5400,3900,1300,7500,2500,11700,7900,700,1000,1000,100,1600,4000,2600,1800,8100,1800,400,1200,3100
107.0,9.02,96800,870892.0,9.02,9.01,9.0,8.98,8.97,8.96,8.95,8.94,8.93,8.92,9.03,9.05,9.1,9.11,9.12,9.13,9.14,9.15,9.17,9.18,100,5400,3900,1300,7500,2500,11700,7900,700,1000,1600,4000,2600,1800,8100,1800,400,1200,3100,3000
108.0,9.03,96900,871795.0,9.02,9.01,9.0,8.98,8.97,8.96,8.95,8.94,8.93,8.92,9.03,9.05,9.1,9.11,9.12,9.13,9.14,9.15,9.17,9.18,1600,5400,3500,1300,7500,2500,11700,7900,700,1000,1500,4000,2600,1800,8100,1800,400,1200,3100,3000
109.0,9.02,97000,872697.0,9.02,9.01,9.0,8.98,8.97,8.96,8.95,8.94,8.93,8.92,9.03,9.05,9.1,9.11,9.12,9.13,9.14,9.15,9.17,9.18,1500,5400,3500,1300,7500,2500,11700,7900,700,1000,1500,4000,2600,1800,8100,1800,400,1200,3100,3000
110.0,9.02,97100,873599.0,9.02,9.01,9.0,8.98,8.97,8.96,8.95,8.94,8.93,8.92,9.03,9.05,9.1,9.11,9.12,9.13,9.14,9.15,9.17,9.18,1500,5400,3500,1300,7500,2500,11700,7900,700,1000,1500,4000,2600,1800,8100,1800,400,1200,3100,3000
111.0,9.02,97300,875404.0,9.02,9.01,9.0,8.98,8.97,8.96,8.95,8.94,8.93,8.92,9.03,9.05,9.1,9.11,9.12,9.13,9.14,9.15,9.17,9.18,2800,5400,2600,1300,4200,2500,11700,7900,700,1000,1400,4000,2600,1800,8100,1800,400,1200,3100,3000
112.0,9.03,97500,877210.0,9.02,9.01,9.0,8.98,8.97,8.96,8.95,8.94,8.93,8.92,9.03,9.05,9.1,9.11,9.12,9.13,9.14,9.15,9.17,9.18,2800,5400,2600,1300,4200,2500,11700,7900,700,1000,1200,4000,2600,1800,8100,1800,400,1200,3100,3000
113.0,9.03,97500,877210.0,9.02,9.01,9.0,8.98,8.97,8.96,8.95,8.94,8.93,8.92,9.03,9.05,9.1,9.11,9.12,9.13,9.14,9.15,9.17,9.18,3800,5400,2600,1300,4200,2500,11700,7900,700,1000,1200,4000,2600,1800,8100,1800,400,1200,3100,3000
114.0,9.03,97600,878113.0,9.02,9.01,9.0,8.98,8.97,8.96,8.95,8.94,8.93,8.92,9.03,9.05,9.1,9.11,9.12,9.13,9.14,9.15,9.17,9.18,5500,5400,2600,1300,4200,2500,11700,7900,700,1000,1100,4000,2600,1800,8100,1800,400,1200,3100,3000
115.0,9.02,97700,879015.0,9.02,9.01,9.0,8.98,8.97,8.96,8.95,8.94,8.93,8.92,9.03,9.05,9.1,9.11,9.12,9.13,9.14,9.15,9.17,9.18,5400,5400,2600,1300,4200,2500,11700,7900,700,1000,1100,4000,2600,1800,8100,1800,400,1200,3100,3000
116.0,9.02,97700,879015.0,9.02,9.01,9.0,8.98,8.97,8.96,8.95,8.94,8.93,8.92,9.03,9.05,9.1,9.11,9.12,9.13,9.14,9.15,9.17,9.18,5700,5400,3300,1300,4200,2500,11700,7900,700,1000,1100,4000,2600,1800,8100,1800,400,1200,3100,3000
117.0,9.02,97700,879015.0,9.02,9.01,9.0,8.98,8.97,8.96,8.95,8.94,8.93,8.92,9.03,9.05,9.1,9.11,9.12,9.13,9.14,9.15,9.17,9.18,5800,5300,3400,1300,4200,2500,11700,7900,700,1000,1100,4000,2600,1800,8100,1800,400,1200,3100,3000
118.0,9.03,97800,879918.0,9.02,9.01,9.0,8.98,8.97,8.96,8.95,8.94,8.93,8.92,9.03,9.05,9.1,9.11,9.12,9.13,9.14,9.15,9.17,9.18,5800,5300,7300,1300,4200,2500,11700,7900,700,1000,1000,4000,2600,1800,8100,1800,400,1200,3100,3000
119.0,9.02,98300,884428.0,9.02,9.01,9.0,8.98,8.97,8.96,8.95,8.94,8.93,8.92,9.03,9.05,9.1,9.11,9.12,9.13,9.14,9.15,9.17,9.18,5300,5300,7300,1300,4200,2500,11700,7900,700,1000,1000,4000,2600,1800,8100,1800,400,1200,3100,3000
120.0,9.02,98500,886232.0,9.02,9.01,9.0,8.98,8.97,8.96,8.95,8.94,8.93,8.92,9.03,9.05,9.09,9.1,9.11,9.12,9.13,9.14,9.15,9.17,5100,5300,7300,1300,4200,2500,11700,7900,700,1000,2800,4000,20000,2600,1800,8100,1800,400,1200,3100
121.0,9.02,98900,889842.0,9.02,9.01,9.0,8.98,8.97,8.96,8.95,8.94,8.93,8.92,9.03,9.05,9.09,9.1,9.11,9.12,9.13,9.14,9.15,9.17,4900,5300,7300,1300,3700,2500,11700,7900,700,1000,2600,4000,20000,2600,1800,8100,1800,400,1200,3100
122.0,9.03,101500,913320.0,9.03,9.02,9.01,9.0,8.98,8.97,8.96,8.95,8.94,8.93,9.05,9.09,9.1,9.11,9.12,9.13,9.14,9.15,9.17,9.18,700,4900,5300,7300,1300,3700,2500,11700,7900,700,4000,20000,2600,1800,8100,1800,400,1200,3100,3000
123.0,9.05,102300,920560.0,9.03,9.02,9.01,9.0,8.98,8.97,8.96,8.95,8.94,8.93,9.05,9.09,9.1,9.11,9.12,9.13,9.14,9.15,9.17,9.18,5400,4900,5300,7300,1300,3700,2500,11700,7900,700,5700,20000,2600,1800,8100,1800,400,1200,3100,3000
124.0,9.05,102300,920560.0,9.03,9.02,9.01,9.0,8.98,8.97,8.96,8.95,8.94,8.93,9.05,9.09,9.1,9.11,9.12,9.13,9.14,9.15,9.17,9.18,5800,4900,5300,7300,1300,3700,2500,11700,7900,700,6100,20000,2600,1800,8100,1800,400,1200,3100,3000
125.0,9.05,102900,925990.0,9.03,9.02,9.01,9.0,8.98,8.97,8.96,8.95,8.94,8.93,9.05,9.09,9.1,9.11,9.12,9.13,9.14,9.15,9.17,9.18,6000,4900,5300,7300,1300,3800,2500,11700,7900,700,5700,20000,2600,1800,8100,1800,400,1200,3100,3000
126.0,9.03,105300,947662.0,9.03,9.02,9.01,9.0,8.98,8.97,8.96,8.95,8.94,8.93,9.04,9.05,9.09,9.1,9.11,9.12,9.13,9.14,9.15,9.17,3900,4900,3900,7300,1300,3800,2500,11700,7900,700,200,6000,20000,2600,1800,8100,1800,400,1200,3100
127.0,9.03,105600,950371.0,9.03,9.02,9.01,9.0,8.98,8.97,8.96,8.95,8.94,8.93,9.04,9.05,9.09,9.1,9.11,9.12,9.13,9.14,9.15,9.17,3600,4900,3900,7300,1300,3800,2500,11700,7900,700,1100,5900,20000,2600,1800,8100,1800,400,1200,3100
128.0,9.03,106000,953984.0,9.03,9.02,9.01,9.0,8.98,8.97,8.96,8.95,8.94,8.93,9.04,9.05,9.09,9.1,9.11,9.12,9.13,9.14,9.15,9.17,3300,4900,3900,7300,1300,3800,2500,11700,7900,700,1000,5900,20000,2600,1800,8100,1800,400,1200,3100
129.0,9.03,107000,963014.0,9.03,9.02,9.01,9.0,8.98,8.97,8.96,8.95,8.94,8.93,9.04,9.05,9.09,9.1,9.11,9.12,9.13,9.14,9.15,9.17,4500,4800,3900,7300,1300,2800,2500,11700,7900,700,1000,5900,20000,2600,1800,8100,1800,400,1200,3100
130.0,9.03,107700,969335.0,9.03,9.02,9.01,9.0,8.98,8.97,8.96,8.95,8.94,8.93,9.04,9.05,9.09,9.1,9.11,9.12,9.13,9.14,9.15,9.17,3800,4800,3900,7300,1300,2800,2500,11700,7900,700,1000,5900,20000,2600,1800,8100,1800,400,1200,3100
131.0,9.04,107800,970239.0,9.03,9.02,9.01,9.0,8.98,8.97,8.96,8.95,8.94,8.93,9.04,9.05,9.09,9.1,9.11,9.12,9.13,9.14,9.15,9.17,3800,4800,3900,7300,1300,2800,2500,11700,7900,700,900,3300,20000,2600,1800,8100,1800,400,1200,3100
132.0,9.04,107800,970239.0,9.03,9.02,9.01,9.0,8.98,8.97,8.96,8.95,8.94,8.93,9.04,9.05,9.09,9.1,9.11,9.12,9.13,9.14,9.15,9.17,3800,4800,3900,7300,1300,2800,2500,11700,7900,700,900,3300,20000,2600,1800,8100,1800,400,1200,3100
133.0,9.03,108100,972948.0,9.03,9.02,9.01,9.0,8.98,8.97,8.96,8.95,8.94,8.93,9.04,9.05,9.09,9.1,9.11,9.12,9.13,9.14,9.15,9.17,5400,4800,3900,7300,1300,2800,2500,11700,7900,700,900,3300,20000,2600,1800,8100,1800,400,1200,3100
134.0,9.03,108100,972948.0,9.03,9.02,9.01,9.0,8.98,8.97,8.96,8.95,8.94,8.93,9.04,9.05,9.09,9.1,9.11,9.12,9.13,9.14,9.15,9.17,5400,4800,3900,7300,1300,800,2500,11700,7900,700,900,3300,20000,2600,1800,8100,1800,400,1200,3100
135.0,9.04,108200,973852.0,9.03,9.02,9.01,9.0,8.98,8.97,8.96,8.95,8.94,8.93,9.04,9.05,9.09,9.1,9.11,9.12,9.13,9.14,9.15,9.17,7800,4500,2600,6500,1300,800,2500,11700,7900,700,700,3300,20000,2600,1800,8100,1800,400,1200,3100
136.0,9.04,108200,973852.0,9.03,9.02,9.01,9.0,8.98,8.97,8.96,8.95,8.94,8.93,9.04,9.05,9.09,9.1,9.11,9.12,9.13,9.14,9.15,9.17,7800,4500,2600,6500,1300,800,2500,11700,7900,700,700,3300,20000,2600,1800,8100,1800,400,1200,3100
137.0,9.04,108200,973852.0,9.03,9.02,9.01,9.0,8.98,8.97,8.96,8.95,8.94,8.93,9.04,9.05,9.09,9.1,9.11,9.12,9.13,9.14,9.15,9.17,7900,4500,2600,6500,1300,800,2500,11700,7900,700,700,3300,20000,2600,1800,8100,1800,400,1200,3100
138.0,9.04,108200,973852.0,9.03,9.02,9.01,9.0,8.98,8.97,8.96,8.95,8.94,8.93,9.04,9.05,9.09,9.1,9.11,9.12,9.13,9.14,9.15,9.17,7900,4500,2600,2600,1300,800,2500,11700,7900,700,700,3300,20000,2600,1800,8100,1800,400,1200,3100
139.0,9.04,108300,974756.0,9.03,9.02,9.01,9.0,8.98,8.97,8.96,8.95,8.94,8.93,9.04,9.05,9.09,9.1,9.11,9.12,9.13,9.14,9.15,9.17,8300,4500,2600,2600,1300,800,2500,11700,7900,700,600,3300,20000,2600,1800,8100,1800,400,1200,3100
140.0,9.03,109200,982883.0,9.03,9.02,9.01,9.0,8.98,8.97,8.96,8.95,8.94,8.93,9.04,9.05,9.09,9.1,9.11,9.12,9.13,9.14,9.15,9.17,7400,4500,2600,2600,1300,800,2500,11700,7900,700,600,3300,20000,2600,1800,8100,1800,400,1200,3100
141.0,9.04,110100,991012.0,9.03,9.02,9.01,9.0,8.98,8.97,8.96,8.95,8.94,8.93,9.04,9.05,9.09,9.1,9.11,9.12,9.13,9.14,9.15,9.17,17600,4500,2600,2600,1300,800,2500,11700,7900,700,400,3300,20000,2600,1800,8100,1800,400,1200,3100
142.0,9.04,110100,991012.0,9.03,9.02,9.01,9.0,8.98,8.97,8.96,8.95,8.94,8.93,9.05,9.08,9.09,9.1,9.11,9.12,9.13,9.14,9.15,9.17,21400,4500,2600,2600,1300,800,2500,11700,7900,700,1100,1800,20000,2600,1800,8100,1800,400,1200,3100
143.0,9.04,110100,991012.0,9.03,9.02,9.01,9.0,8.98,8.97,8.96,8.95,8.94,8.93,9.05,9.08,9.09,9.1,9.11,9.12,9.13,9.14,9.15,9.17,21400,4500,2600,2600,1300,800,2500,11700,7900,700,1100,1800,20000,2600,1800,8100,1800,400,1200,3100
144.0,9.04,110100,991012.0,9.03,9.02,9.01,9.0,8.98,8.97,8.96,8.95,8.94,8.93,9.05,9.08,9.09,9.1,9.11,9.12,9.13,9.14,9.15,9.17,21600,4500,2600,2600,1300,800,2500,11700,7900,700,1300,1800,20000,2600,1800,8100,1800,400,1200,3100
145.0,9.05,110200,991917.0,9.03,9.02,9.01,9.0,8.98,8.97,8.96,8.95,8.94,8.93,9.05,9.08,9.09,9.1,9.11,9.12,9.13,9.14,9.15,9.17,21600,4500,2600,2600,1300,800,2500,11700,7900,700,1200,1800,20000,2600,1800,8100,1800,400,1200,3100
146.0,9.03,110900,998242.0,9.03,9.02,9.01,9.0,8.98,8.97,8.96,8.95,8.94,8.93,9.05,9.07,9.08,9.09,9.1,9.11,9.12,9.13,9.14,9.15,21200,4500,2600,2600,1300,800,2500,11700,7900,700,5500,1400,1700,20000,2600,1800,8100,1800,400,1200
147.0,9.04,112300,1010887.0,9.04,9.03,9.02,9.01,9.0,8.98,8.97,8.96,8.95,8.94,9.05,9.07,9.08,9.09,9.1,9.11,9.12,9.13,9.14,9.15,300,20200,4500,2600,2600,1300,800,2500,11700,7900,5700,400,1700,20000,2600,1800,8100,1800,400,1200
148.0,9.04,113100,1018124.0,9.03,9.02,9.01,9.0,8.98,8.97,8.96,8.95,8.94,8.93,9.04,9.05,9.07,9.08,9.09,9.1,9.11,9.12,9.13,9.14,20200,4500,2600,2600,1300,800,2500,11700,7900,700,200,5200,600,1700,20000,2600,1800,8100,1800,400
149.0,9.04,113100,1018124.0,9.03,9.02,9.01,9.0,8.98,8.97,8.96,8.95,8.94,8.93,9.04,9.05,9.07,9.08,9.09,9.1,9.11,9.12,9.13,9.14,20200,4500,2600,2600,1300,800,2500,11700,7900,700,200,5200,600,1700,20000,2600,1800,8100,1800,400
150.0,9.04,113100,1018124.0,9.03,9.02,9.01,9.0,8.98,8.97,8.96,8.95,8.94,8.93,9.04,9.05,9.07,9.08,9.09,9.1,9.11,9.12,9.13,9.14,20200,4500,2600,2600,1300,800,2500,11700,7900,700,200,5200,600,1700,20000,2600,1800,8100,1800,400
151.0,9.05,113400,1020837.0,9.03,9.02,9.01,9.0,8.98,8.97,8.96,8.95,8.94,8.93,9.05,9.07,9.08,9.09,9.1,9.11,9.12,9.13,9.14,9.15,20200,4500,2600,2600,1300,800,2500,11700,7900,700,5100,600,1700,20000,2600,1800,8100,1800,400,1200
152.0,9.05,113900,1025362.0,9.03,9.02,9.01,9.0,8.98,8.97,8.96,8.95,8.94,8.93,9.05,9.07,9.08,9.09,9.1,9.11,9.12,9.13,9.14,9.15,19300,4500,2600,2600,1300,800,2500,11700,7900,700,4600,600,1700,20000,2600,1800,8100,1800,400,1200
153.0,9.05,113900,1025362.0,9.03,9.02,9.01,9.0,8.98,8.97,8.96,8.95,8.94,8.93,9.04,9.05,9.07,9.08,9.09,9.1,9.11,9.12,9.13,9.14,19500,4500,2600,2600,1300,800,2500,11700,7900,700,1500,1200,600,1700,20000,2600,1800,8100,1800,400
154.0,9.03,115800,1042519.0,9.03,9.02,9.01,9.0,8.98,8.97,8.96,8.95,8.94,8.93,9.04,9.05,9.07,9.08,9.09,9.1,9.11,9.12,9.13,9.14,13800,4500,2600,2600,1300,800,2500,11700,7900,700,1600,1200,600,1700,20000,2600,1800,8100,1800,400
155.0,9.04,116100,1045231.0,9.03,9.02,9.01,9.0,8.98,8.97,8.96,8.95,8.94,8.93,9.04,9.05,9.07,9.08,9.09,9.1,9.11,9.12,9.13,9.14,13800,4500,2600,2600,1300,800,2500,11700,7900,700,1300,1200,600,1700,20000,2600,1800,8100,1800,400
156.0,9.04,116100,1045231.0,9.03,9.02,9.01,9.0,8.98,8.97,8.96,8.95,8.94,8.93,9.04,9.05,9.07,9.08,9.09,9.1,9.11,9.12,9.13,9.14,13800,4500,2600,2600,1300,800,2500,11700,7900,700,1300,1200,600,1700,20000,2600,1800,8100,1800,400
157.0,9.04,116900,1052463.0,9.03,9.02,9.01,9.0,8.98,8.97,8.96,8.95,8.94,8.93,9.04,9.05,9.07,9.08,9.09,9.1,9.11,9.12,9.13,9.14,13800,4500,2600,2600,1300,800,2500,11700,7900,700,500,1200,600,1700,20000,2600,1800,8100,1800,400
158.0,9.03,118100,1063300.0,9.03,9.02,9.01,9.0,8.98,8.97,8.96,8.95,8.94,8.93,9.04,9.05,9.07,9.08,9.09,9.1,9.11,9.12,9.13,9.14,12700,4500,2600,2600,1300,800,2500,11700,7900,700,400,1200,600,1700,20000,2600,1800,8100,1800,400
159.0,9.05,119700,1077776.0,9.05,9.03,9.02,9.01,9.0,8.98,8.97,8.96,8.95,8.94,9.07,9.08,9.09,9.1,9.11,9.12,9.13,9.14,9.15,9.17,2200,12700,4500,2600,4200,1300,800,2500,11700,7900,600,1700,20000,2600,1800,8100,1800,400,1200,3100
160.0,9.05,121500,1094068.0,9.05,9.04,9.03,9.02,9.01,9.0,8.98,8.97,8.96,8.95,9.07,9.08,9.09,9.1,9.11,9.12,9.13,9.14,9.15,9.17,800,900,12700,4500,2600,4200,1300,800,2500,11700,800,1700,20000,2600,1800,8100,1800,400,1200,3100
161.0,9.04,123000,1107636.0,9.04,9.03,9.02,9.01,9.0,8.98,8.97,8.96,8.95,8.94,9.05,9.07,9.08,9.09,9.1,9.11,9.12,9.13,9.14,9.15,600,12700,4500,2600,4200,1300,800,2500,11700,7900,200,800,1700,20000,2600,1800,8100,1800,400,1200
162.0,9.07,123400,1111260.0,9.04,9.03,9.02,9.01,9.0,8.98,8.97,8.96,8.95,8.94,9.07,9.08,9.09,9.1,9.11,9.12,9.13,9.14,9.15,9.17,1100,12700,4500,2600,4200,1300,800,2500,11700,7900,600,1700,20000,2600,1800,8100,1800,400,1200,3100
163.0,9.04,123500,1112164.0,9.04,9.03,9.02,9.01,9.0,8.98,8.97,8.96,8.95,8.94,9.07,9.08,9.09,9.1,9.11,9.12,9.13,9.14,9.15,9.17,1300,12300,4500,2600,4200,1300,800,2500,11700,7900,2100,1700,20000,2600,1800,8100,1800,400,1200,3100
164.0,9.04,125500,1130260.0,9.04,9.03,9.02,9.01,9.0,8.98,8.97,8.96,8.95,8.94,9.05,9.07,9.08,9.09,9.1,9.11,9.12,9.13,9.14,9.15,1000,12300,4500,2600,4200,1300,800,2500,11700,7900,1200,2200,1700,20000,2600,1800,8100,1800,400,1200
165.0,9.04,125500,1130260.0,9.04,9.03,9.02,9.01,9.0,8.98,8.97,8.96,8.95,8.94,9.05,9.07,9.08,9.09,9.1,9.11,9.12,9.13,9.14,9.15,3000,12300,4500,2600,4200,1300,300,2500,11700,7900,1200,2200,1700,20000,2600,1800,8100,1800,400,1200
166.0,9.04,125500,1130260.0,9.04,9.03,9.02,9.01,9.0,8.98,8.97,8.96,8.95,8.94,9.05,9.07,9.08,9.09,9.1,9.11,9.12,9.13,9.14,9.15,3000,12300,4500,2600,4200,1300,300,2500,11700,7900,1200,2200,1700,20000,2600,1800,8100,1800,400,1200
167.0,9.04,125500,1130260.0,9.04,9.03,9.02,9.01,9.0,8.98,8.97,8.96,8.95,8.94,9.05,9.07,9.08,9.09,9.1,9.11,9.12,9.13,9.14,9.15,3000,12300,4500,2600,4200,1300,300,2500,11700,7900,1200,2200,1700,20000,2600,1800,8100,1800,400,1200
168.0,9.04,125900,1133876.0,9.04,9.03,9.02,9.01,9.0,8.98,8.97,8.96,8.95,8.94,9.05,9.07,9.08,9.09,9.1,9.11,9.12,9.13,9.14,9.15,4100,12300,3200,2600,4200,1300,300,2500,11700,7900,1200,2200,1700,20000,2600,1800,8100,1800,400,1200
169.0,9.05,126200,1136591.0,9.04,9.03,9.02,9.01,9.0,8.98,8.97,8.96,8.95,8.94,9.05,9.07,9.08,9.09,9.1,9.11,9.12,9.13,9.14,9.15,4100,12300,3200,2600,4200,1300,300,2500,11700,7900,900,2200,1700,20000,2600,1800,8100,1800,400,1200
170.0,9.04,127600,1149247.0,9.04,9.03,9.02,9.01,9.0,8.98,8.97,8.96,8.95,8.94,9.05,9.07,9.08,9.09,9.1,9.11,9.12,9.13,9.14,9.15,2800,12300,3200,2600,4200,1300,300,2500,11700,7900,500,2200,1700,20000,2600,1800,8100,1800,400,1200
171.0,9.04,128500,1157383.0,9.04,9.03,9.02,9.01,9.0,8.98,8.97,8.96,8.95,8.94,9.05,9.07,9.08,9.09,9.1,9.11,9.12,9.13,9.14,9.15,2800,11400,3200,2600,4200,1300,300,2500,11700,7900,500,2200,1700,20000,2600,1800,8100,1800,400,1200
172.0,9.04,128500,1157383.0,9.04,9.03,9.02,9.01,9.0,8.98,8.97,8.96,8.95,8.94,9.05,9.07,9.08,9.09,9.1,9.11,9.12,9.13,9.14,9.15,2800,11400,3200,2600,4200,1300,300,2500,11700,7900,500,2200,1700,20000,2600,1800,8100,1800,400,1200
173.0,9.04,128900,1160999.0,9.04,9.03,9.02,9.01,9.0,8.98,8.97,8.96,8.95,8.94,9.05,9.07,9.08,9.09,9.1,9.11,9.12,9.13,9.14,9.15,2400,11400,3200,2600,4600,1300,300,2500,11700,7900,500,2100,1700,20000,2600,1800,8100,1800,400,1200
174.0,9.04,128900,1160999.0,9.04,9.03,9.02,9.01,9.0,8.98,8.97,8.96,8.95,8.94,9.05,9.07,9.08,9.09,9.1,9.11,9.12,9.13,9.14,9.15,3900,11400,3200,2600,4600,1300,300,2500,11700,7900,500,2100,1700,20000,2600,1800,8100,1800,400,1200
175.0,9.04,128900,1160999.0,9.04,9.03,9.02,9.01,9.0,8.98,8.97,8.96,8.95,8.94,9.05,9.07,9.08,9.09,9.1,9.11,9.12,9.13,9.14,9.15,3900,11400,3200,2600,4600,1300,300,2500,11700,7900,300,2100,1700,20000,2600,1800,8100,1800,400,1200
176.0,9.05,129100,1162809.0,9.04,9.03,9.02,9.01,9.0,8.98,8.97,8.96,8.95,8.94,9.05,9.07,9.08,9.09,9.1,9.11,9.12,9.13,9.14,9.15,3900,11400,3200,2600,4600,1300,300,2500,11700,7900,100,1900,1800,20000,2600,1800,8100,1800,400,1200
177.0,9.05,129100,1162809.0,9.04,9.03,9.02,9.01,9.0,8.98,8.97,8.96,8.95,8.94,9.05,9.07,9.08,9.09,9.1,9.11,9.12,9.13,9.14,9.15,4000,11300,3200,2600,3800,1300,100,2500,11700,7900,100,1900,1800,20000,2600,1800,8100,1800,400,1200
178.0,9.04,129500,1166425.0,9.04,9.03,9.02,9.01,9.0,8.98,8.97,8.96,8.95,8.94,9.05,9.07,9.08,9.09,9.1,9.11,9.12,9.13,9.14,9.15,3600,11300,3200,2600,3800,1300,100,2500,11700,7900,100,1900,1800,20000,2600,1800,8100,1800,400,1200
179.0,9.05,129600,1167330.0,9.04,9.03,9.02,9.01,9.0,8.98,8.97,8.96,8.95,8.94,9.07,9.08,9.09,9.1,9.11,9.12,9.13,9.14,9.15,9.16,3600,11300,3200,2600,3800,1300,100,2500,11700,7900,1900,1800,20000,2600,1800,8100,1800,400,1200,2000
180.0,9.05,129600,1167330.0,9.04,9.03,9.02,9.01,9.0,8.98,8.97,8.96,8.95,8.94,9.07,9.08,9.09,9.1,9.11,9.12,9.13,9.14,9.15,9.16,3700,11300,3200,2600,3800,1300,100,2500,11700,7900,2000,1800,20000,2600,1800,8100,1800,400,1200,2000
181.0,9.05,130900,1179090.0,9.04,9.03,9.02,9.01,9.0,8.98,8.97,8.96,8.95,8.94,9.05,9.06,9.07,9.08,9.09,9.1,9.11,9.12,9.13,9.14,4400,11300,3200,2600,3800,1300,100,2500,11700,7900,6400,2800,2300,1800,20000,2600,1800,8100,1800,400
182.0,9.05,131000,1179995.0,9.04,9.03,9.02,9.01,9.0,8.98,8.97,8.96,8.95,8.94,9.05,9.06,9.07,9.08,9.09,9.1,9.11,9.12,9.13,9.14,4400,11300,3200,2600,3800,1300,100,2500,11700,7900,6600,3000,2300,1800,20000,2600,3100,8100,1800,400
183.0,9.05,132600,1194475.0,9.04,9.03,9.02,9.01,9.0,8.98,8.97,8.96,8.95,8.94,9.05,9.06,9.07,9.08,9.09,9.1,9.11,9.12,9.13,9.14,4400,11400,3200,2600,3800,1300,100,2500,11700,7900,5000,3000,2300,2800,20000,2600,3100,8100,1800,400
184.0,9.04,133000,1198091.0,9.04,9.03,9.02,9.01,9.0,8.98,8.97,8.96,8.95,8.94,9.05,9.06,9.07,9.08,9.09,9.1,9.11,9.12,9.13,9.14,4000,11400,3200,2600,3800,1300,100,2500,11700,7900,5000,3000,2300,2800,20000,2600,3100,8100,1800,400
185.0,9.04,133000,1198091.0,9.04,9.03,9.02,9.01,9.0,8.98,8.97,8.96,8.95,8.94,9.05,9.06,9.07,9.08,9.09,9.1,9.11,9.13,9.14,9.15,4000,11400,3200,2600,3800,1300,100,2500,11700,7900,5100,3000,2300,2800,20000,2600,3100,1800,400,1200
186.0,9.05,137400,1237911.0,9.04,9.03,9.02,9.01,9.0,8.98,8.97,8.96,8.95,8.94,9.05,9.06,9.07,9.08,9.09,9.1,9.11,9.13,9.14,9.15,3500,11400,3200,2600,3900,1300,100,2500,11700,7900,700,3000,2300,2800,20000,2600,2100,1800,400,1200
187.0,9.05,137700,1240626.0,9.04,9.03,9.02,9.01,9.0,8.98,8.97,8.96,8.95,8.94,9.05,9.06,9.07,9.08,9.09,9.1,9.11,9.13,9.14,9.15,3500,11400,3200,2600,3900,1300,100,2500,11700,7900,400,3000,2300,2800,20000,2600,2100,1800,400,1200
188.0,9.05,137700,1240626.0,9.04,9.03,9.02,9.01,9.0,8.98,8.97,8.96,8.95,8.94,9.05,9.06,9.07,9.08,9.09,9.1,9.11,9.13,9.14,9.15,3500,11400,3200,2600,3900,1300,100,2500,11700,7900,400,3000,2300,2800,20000,2600,2100,1800,400,1200
189.0,9.04,141200,1272266.0,9.03,9.02,9.01,9.0,8.98,8.97,8.96,8.95,8.94,8.93,9.04,9.05,9.06,9.07,9.08,9.09,9.1,9.11,9.13,9.14,11400,3200,2600,3900,1300,100,2500,11700,7900,700,2600,400,3000,2300,1100,20000,2600,2100,1800,400
190.0,9.04,141400,1274074.0,9.03,9.02,9.01,9.0,8.98,8.97,8.96,8.95,8.94,8.93,9.04,9.05,9.06,9.07,9.08,9.09,9.1,9.11,9.13,9.14,11400,3200,2600,3900,1300,100,2500,11700,7900,700,2400,400,3000,2300,1100,20000,2600,2100,1800,400
191.0,9.04,141400,1274074.0,9.03,9.02,9.01,9.0,8.98,8.97,8.96,8.95,8.94,8.93,9.04,9.05,9.06,9.07,9.08,9.09,9.1,9.11,9.13,9.14,11400,3200,2600,3900,1300,100,2500,11700,7900,700,2500,400,3000,2300,1100,20000,2600,2100,1800,400
192.0,9.04,141400,1274074.0,9.03,9.02,9.01,9.0,8.98,8.97,8.96,8.95,8.94,8.93,9.04,9.05,9.06,9.07,9.08,9.09,9.1,9.11,9.13,9.14,11400,3200,2600,3900,1300,100,2500,11700,7900,700,3600,400,3000,2300,1100,20000,2600,2100,1800,400
193.0,9.03,144700,1303873.0,9.03,9.02,9.01,9.0,8.98,8.97,8.96,8.95,8.94,8.93,9.04,9.05,9.06,9.07,9.08,9.09,9.1,9.11,9.13,9.14,8100,3200,2600,3900,1300,100,2500,11700,7900,700,3600,400,3000,2300,1100,20000,2600,2100,1800,400
194.0,9.03,144700,1303873.0,9.03,9.02,9.01,9.0,8.98,8.97,8.96,8.95,8.94,8.93,9.04,9.05,9.06,9.07,9.08,9.09,9.1,9.11,9.13,9.14,8100,3200,2600,3900,1300,100,2500,11700,7900,700,3600,400,3000,2300,1100,20000,2600,2100,1800,400
195.0,9.03,144700,1303873.0,9.03,9.02,9.01,9.0,8.98,8.97,8.96,8.95,8.94,8.93,9.04,9.05,9.06,9.07,9.08,9.09,9.1,9.11,9.13,9.14,8100,3200,2600,3900,1300,100,2500,11700,7900,700,3600,400,3000,2300,1100,20000,2600,2100,1800,400
196.0,9.03,150800,1358956.0,9.03,9.02,9.01,9.0,8.98,8.97,8.96,8.95,8.94,8.93,9.04,9.05,9.06,9.07,9.08,9.09,9.1,9.11,9.13,9.14,2000,3200,2600,3900,1300,100,2500,11700,7900,700,3700,400,3000,2300,1100,20000,2600,2100,1800,400
197.0,9.02,153300,1381532.0,9.02,9.01,9.0,8.98,8.97,8.96,8.95,8.94,8.93,8.92,9.03,9.04,9.05,9.06,9.07,9.08,9.09,9.1,9.11,9.13,3000,2600,4400,1300,100,2500,11700,7900,700,1000,7600,3600,300,3000,2300,1100,20000,2600,2100,1800
198.0,9.03,154700,1394174.0,9.02,9.01,9.0,8.98,8.97,8.96,8.95,8.94,8.93,8.92,9.03,9.04,9.05,9.06,9.07,9.08,9.09,9.1,9.11,9.13,3900,2600,4400,1300,100,2500,11700,7900,700,1000,8100,3600,300,3000,2300,1100,20000,2600,2100,1800
199.0,9.03,156000,1405910.0,9.02,9.01,9.0,8.98,8.97,8.96,8.95,8.94,8.93,8.92,9.03,9.04,9.05,9.06,9.07,9.08,9.1,9.11,9.13,9.14,3600,2600,4400,1300,100,2500,11700,7900,700,1000,7900,3600,300,3000,2300,1100,2600,2100,1800,400
200.0,9.03,157200,1416746.0,9.02,9.01,9.0,8.98,8.97,8.96,8.95,8.94,8.93,8.92,9.03,9.04,9.05,9.06,9.07,9.08,9.1,9.11,9.13,9.14,3600,2800,4400,1300,100,2500,11700,7900,700,1000,6700,3600,300,3000,3300,1100,2600,2100,1800,400
201.0,9.03,157700,1421261.0,9.02,9.01,9.0,8.98,8.97,8.96,8.95,8.94,8.93,8.92,9.03,9.04,9.05,9.06,9.07,9.08,9.1,9.11,9.13,9.14,3600,2800,4400,1300,100,2500,11700,7900,700,1000,6200,3600,300,3000,3300,1100,2600,2100,1800,400
202.0,9.03,158200,1425776.0,9.02,9.01,9.0,8.98,8.97,8.96,8.95,8.94,8.93,8.92,9.03,9.04,9.05,9.06,9.07,9.08,9.1,9.11,9.13,9.14,3600,2800,4400,1300,100,2500,11700,7900,700,1000,5700,3600,300,3000,3300,1100,2600,2100,1800,400
203.0,9.02,158500,1428482.0,9.02,9.01,9.0,8.98,8.97,8.96,8.95,8.94,8.93,8.92,9.03,9.04,9.05,9.06,9.07,9.08,9.1,9.11,9.13,9.14,3300,2800,4400,1300,100,2500,11700,7900,700,1000,6200,6000,300,3000,3300,1100,2600,2100,1800,400
204.0,9.03,160200,1443827.0,9.02,9.01,9.0,8.98,8.97,8.96,8.95,8.94,8.93,8.92,9.03,9.04,9.05,9.06,9.07,9.08,9.1,9.11,9.13,9.14,1800,2800,4400,1300,100,2500,11700,7900,700,1000,5200,6100,300,3000,3300,1100,2600,2100,1800,400
205.0,9.03,160700,1448342.0,9.02,9.01,9.0,8.98,8.97,8.96,8.95,8.94,8.93,8.92,9.03,9.04,9.05,9.06,9.07,9.08,9.1,9.11,9.13,9.14,1800,2800,4400,1300,100,2500,11700,7900,700,1000,4700,6100,300,3000,3300,1100,2600,2100,1800,400
206.0,9.02,160800,1449244.0,9.02,9.01,9.0,8.98,8.97,8.96,8.95,8.94,8.93,8.92,9.03,9.04,9.05,9.06,9.07,9.08,9.1,9.11,9.13,9.14,1700,2800,4400,1300,100,2500,11700,7900,700,1000,4700,6100,300,3000,3300,1100,2600,2100,1800,400
207.0,9.02,160800,1449244.0,9.02,9.01,9.0,8.98,8.97,8.96,8.95,8.94,8.93,8.92,9.03,9.04,9.05,9.06,9.07,9.08,9.1,9.11,9.13,9.14,1800,2800,4400,1300,100,2500,11700,7900,700,1000,4700,6300,300,3000,3300,1100,2600,2100,1800,400
208.0,9.02,160800,1449244.0,9.02,9.01,9.0,8.98,8.97,8.96,8.95,8.94,8.93,8.92,9.03,9.04,9.05,9.06,9.07,9.08,9.1,9.11,9.13,9.14,1800,2800,4400,1300,100,2500,11700,7900,700,1000,4800,5200,300,3000,3300,1100,2600,2100,1800,400
209.0,9.02,160800,1449244.0,9.02,9.01,9.0,8.98,8.97,8.96,8.95,8.94,8.93,8.92,9.03,9.04,9.05,9.06,9.07,9.08,9.1,9.11,9.13,9.14,1800,2800,4400,1300,100,2500,11700,7900,700,1000,4800,5200,300,3000,3300,1100,2600,2100,1800,400
210.0,9.03,161100,1451952.0,9.02,9.01,9.0,8.98,8.97,8.96,8.95,8.94,8.93,8.92,9.03,9.04,9.05,9.06,9.07,9.08,9.1,9.11,9.13,9.14,1700,2800,4400,1300,100,2500,11700,7900,700,1000,4600,5200,300,3000,3300,1100,2600,2100,1800,400
211.0,9.03,161200,1452855.0,9.02,9.01,9.0,8.98,8.97,8.96,8.95,8.94,8.93,8.92,9.03,9.04,9.05,9.06,9.07,9.08,9.1,9.11,9.13,9.14,1700,2800,4400,1300,100,2500,11700,7900,700,1000,4500,5200,300,3000,3300,1100,2600,2100,1800,400
212.0,9.03,161200,1452855.0,9.02,9.01,9.0,8.98,8.97,8.96,8.95,8.94,8.93,8.92,9.03,9.04,9.05,9.06,9.07,9.08,9.1,9.11,9.13,9.14,1700,2800,4400,1300,100,2500,11700,7900,700,1000,4500,5200,300,3000,3300,1100,2600,2100,1800,400
213.0,9.03,165800,1494392.0,9.02,9.01,9.0,8.98,8.97,8.96,8.95,8.94,8.93,8.92,9.04,9.05,9.06,9.07,9.08,9.1,9.11,9.13,9.14,9.15,1700,2800,4400,1300,100,2500,11700,7900,700,1000,5200,300,3000,3300,100,2600,2100,1800,400,1200
214.0,9.03,165800,1494392.0,9.02,9.01,9.0,8.98,8.97,8.96,8.95,8.94,8.93,8.92,9.04,9.05,9.06,9.07,9.08,9.1,9.11,9.13,9.14,9.15,1700,2800,4400,1300,100,2500,11700,7900,700,1000,5200,300,3000,3300,100,2600,2100,1800,400,1200
215.0,9.03,165800,1494392.0,9.02,9.01,9.0,8.98,8.97,8.96,8.95,8.94,8.93,8.92,9.04,9.05,9.06,9.07,9.08,9.1,9.11,9.13,9.14,9.15,1900,2800,4400,1300,100,2500,11700,7900,700,1000,5400,300,3000,3300,100,2600,2100,1800,400,1200
216.0,9.04,166300,1498906.0,9.02,9.01,9.0,8.98,8.97,8.96,8.95,8.94,8.93,8.92,9.04,9.05,9.06,9.07,9.08,9.1,9.11,9.13,9.14,9.15,1600,2800,4900,1300,100,2500,11700,7900,700,1000,5200,300,3000,3300,100,2600,2100,1800,400,1200
217.0,9.04,166500,1500712.0,9.02,9.01,9.0,8.98,8.97,8.96,8.95,8.94,8.93,8.92,9.04,9.05,9.06,9.07,9.08,9.1,9.11,9.13,9.14,9.15,1700,2800,4900,1300,100,2500,11700,7900,700,1000,5300,1400,3000,3300,100,2600,2100,1800,400,1200
218.0,9.04,167000,1505232.0,9.02,9.01,9.0,8.98,8.97,8.96,8.95,8.94,8.93,8.92,9.04,9.05,9.06,9.07,9.08,9.1,9.11,9.13,9.14,9.15,1700,2800,4900,1300,100,2500,11700,7900,700,1000,4800,1400,3000,3300,100,2600,2100,1800,400,1200
219.0,9.04,167000,1505232.0,9.02,9.01,9.0,8.98,8.97,8.96,8.95,8.94,8.93,8.92,9.04,9.05,9.06,9.07,9.08,9.1,9.11,9.13,9.14,9.15,1700,2800,4900,1300,100,2500,11700,7900,700,1000,4800,1400,3000,3300,100,2600,2100,1800,400,1200
220.0,9.02,167100,1506134.0,9.02,9.01,9.0,8.98,8.97,8.96,8.95,8.94,8.93,8.92,9.04,9.05,9.06,9.07,9.08,9.1,9.11,9.13,9.14,9.15,1800,2800,4900,1300,100,2500,11700,7900,700,1000,5000,1400,3000,3300,100,2600,2100,1800,400,1200
221.0,9.02,167100,1506134.0,9.02,9.01,9.0,8.98,8.97,8.96,8.95,8.94,8.93,8.92,9.04,9.05,9.06,9.07,9.08,9.1,9.11,9.13,9.14,9.15,1800,2800,4900,1300,100,2500,11700,7900,700,1000,5000,1400,3000,3300,600,2600,2100,1800,400,1200
222.0,9.04,168300,1516982.0,9.03,9.02,9.01,9.0,8.98,8.97,8.96,8.95,8.94,8.93,9.04,9.05,9.06,9.07,9.08,9.1,9.11,9.13,9.14,9.15,100,2000,2800,4200,1300,100,2500,11700,7900,700,4500,2000,3000,3300,600,2600,2100,1800,400,1200
223.0,9.04,168300,1516982.0,9.03,9.02,9.01,9.0,8.98,8.97,8.96,8.95,8.94,8.93,9.04,9.05,9.06,9.07,9.08,9.1,9.11,9.13,9.14,9.15,200,2000,2800,4200,1300,100,2500,11700,7900,700,4500,2000,3000,3300,600,2600,2100,1800,400,1200
224.0,9.04,168300,1516982.0,9.03,9.02,9.01,9.0,8.98,8.97,8.96,8.95,8.94,8.93,9.04,9.05,9.06,9.07,9.08,9.1,9.11,9.13,9.14,9.15,200,2000,2800,4200,1300,100,2500,11700,7900,700,5100,2000,3000,3300,600,2600,2100,1800,400,1200
225.0,9.04,168300,1516982.0,9.03,9.02,9.01,9.0,8.98,8.97,8.96,8.95,8.94,8.93,9.04,9.05,9.06,9.07,9.08,9.1,9.11,9.13,9.14,9.15,200,2000,2800,4200,1300,100,2500,11700,7900,700,5100,2000,3000,3300,600,2600,2100,1800,400,1200
226.0,9.04,168300,1516982.0,9.03,9.02,9.01,9.0,8.98,8.97,8.96,8.95,8.94,8.93,9.04,9.05,9.06,9.07,9.08,9.1,9.11,9.13,9.14,9.15,200,2000,2800,4200,1300,100,2500,11700,7900,700,5100,2000,3000,3300,600,2600,2100,1800,400,1200
227.0,9.04,168300,1516982.0,9.03,9.02,9.01,9.0,8.98,8.97,8.96,8.95,8.94,8.93,9.04,9.05,9.06,9.07,9.08,9.1,9.11,9.13,9.14,9.15,200,2000,2800,4200,1300,100,2500,11700,7900,700,5100,2000,3000,3300,600,2600,2100,1800,400,1200
228.0,9.04,168300,1516982.0,9.03,9.02,9.01,9.0,8.98,8.97,8.96,8.95,8.94,8.93,9.04,9.05,9.06,9.07,9.08,9.1,9.11,9.13,9.14,9.15,200,2000,2800,4200,1300,100,2500,11700,7900,700,5100,2000,3000,3300,600,2600,2100,1800,400,1200
229.0,9.04,168300,1516982.0,9.03,9.02,9.01,9.0,8.98,8.97,8.96,8.95,8.94,8.93,9.04,9.05,9.06,9.07,9.08,9.1,9.11,9.13,9.14,9.15,100,2000,2800,4200,1300,100,2500,11700,7900,700,5100,2000,3000,3300,600,2600,2100,1800,400,1200
230.0,9.04,168300,1516982.0,9.03,9.02,9.01,9.0,8.98,8.97,8.96,8.95,8.94,8.93,9.04,9.05,9.06,9.07,9.08,9.1,9.11,9.13,9.14,9.15,100,2000,2800,4200,1300,100,2500,11700,7900,700,6300,2000,3000,3300,600,2600,2100,1800,400,1200
231.0,9.04,168300,1516982.0,9.03,9.02,9.01,9.0,8.98,8.97,8.96,8.95,8.94,8.93,9.04,9.05,9.06,9.07,9.08,9.1,9.11,9.13,9.14,9.15,100,2000,2800,4000,1300,100,2500,11700,7900,700,6300,2000,3000,3300,600,2600,2100,1800,400,1200
232.0,9.04,168300,1516982.0,9.03,9.02,9.01,9.0,8.98,8.97,8.96,8.95,8.94,8.93,9.04,9.05,9.06,9.07,9.08,9.1,9.11,9.13,9.14,9.15,100,2000,2800,4000,1300,100,2500,11700,7900,700,6600,2000,3000,3300,600,2600,2100,1800,400,1200
233.0,9.04,168300,1516982.0,9.03,9.02,9.01,9.0,8.98,8.97,8.96,8.95,8.94,8.93,9.04,9.05,9.06,9.07,9.08,9.1,9.11,9.13,9.14,9.15,100,2000,2800,4000,1300,100,2500,11700,7900,700,6600,2000,3000,3300,600,2600,2100,1800,400,1200
234.0,9.04,169500,1527830.0,9.03,9.02,9.01,9.0,8.98,8.97,8.96,8.95,8.94,8.93,9.04,9.05,9.06,9.07,9.08,9.1,9.11,9.13,9.14,9.15,100,1700,2800,3900,1300,100,2500,11700,7900,700,5500,2000,3000,5900,600,2600,2100,1800,400,1200
235.0,9.04,169500,1527830.0,9.03,9.02,9.01,9.0,8.98,8.97,8.96,8.95,8.94,8.93,9.04,9.05,9.06,9.07,9.08,9.1,9.11,9.13,9.14,9.15,100,1700,2800,3900,3700,100,3100,11700,7900,700,5500,2000,3000,5900,600,2600,2100,1800,400,1200
236.0,9.04,169500,1527830.0,9.03,9.02,9.01,9.0,8.98,8.97,8.96,8.95,8.94,8.93,9.04,9.05,9.06,9.07,9.08,9.1,9.11,9.13,9.14,9.15,100,1700,2800,3900,3700,100,3100,11700,7900,700,5500,2000,3000,5900,600,2600,2100,1800,400,1200
237.0,9.04,169500,1527830.0,9.03,9.02,9.01,9.0,8.98,8.97,8.96,8.95,8.94,8.93,9.04,9.05,9.06,9.07,9.08,9.1,9.11,9.13,9.14,9.15,100,1700,2800,3900,3700,100,3100,11700,7900,700,5500,2000,3000,5900,600,2600,2100,1800,400,1200
238.0,9.04,169500,1527830.0,9.03,9.02,9.01,9.0,8.98,8.97,8.96,8.95,8.94,8.93,9.04,9.05,9.06,9.07,9.08,9.1,9.11,9.13,9.14,9.15,100,1700,2800,8400,3700,100,3100,11700,7900,700,5500,2000,3000,5900,600,2600,2100,1800,400,1200
239.0,9.04,169500,1527830.0,9.03,9.02,9.01,9.0,8.98,8.97,8.96,8.95,8.94,8.93,9.04,9.05,9.06,9.07,9.08,9.1,9.11,9.13,9.14,9.15,100,1700,2800,8400,3700,100,3100,11700,7900,700,5500,2000,3000,5900,600,2600,2100,1800,400,1200
240.0,9.04,169500,1527830.0,9.03,9.02,9.01,9.0,8.98,8.97,8.96,8.95,8.94,8.93,9.04,9.05,9.06,9.07,9.08,9.1,9.11,9.13,9.14,9.15,100,1700,2800,8400,3700,100,3100,11700,7900,700,5500,2000,3000,5900,600,2600,2100,1800,400,1200
241.0,9.04,169500,1527830.0,9.03,9.02,9.01,9.0,8.98,8.97,8.96,8.95,8.94,8.93,9.04,9.05,9.06,9.07,9.08,9.1,9.11,9.13,9.14,9.15,400,1700,2800,8400,3700,100,3100,11700,7900,700,5500,2000,3000,5900,600,2600,2100,1800,400,1200
242.0,9.04,169500,1527830.0,9.03,9.02,9.01,9.0,8.98,8.97,8.96,8.95,8.94,8.93,9.04,9.05,9.06,9.07,9.08,9.1,9.11,9.13,9.14,9.15,400,1700,2800,8400,3700,100,3100,11700,7900,700,5500,2000,3000,6000,600,2600,2100,1800,400,1200
243.0,9.04,170700,1538678.0,9.03,9.02,9.01,9.0,8.98,8.97,8.96,8.95,8.94,8.93,9.04,9.05,9.06,9.07,9.08,9.1,9.11,9.13,9.14,9.15,400,1000,2800,8400,3700,100,3100,11700,7900,700,4600,2000,3000,6000,600,2600,2100,1800,400,1200
244.0,9.04,170700,1538678.0,9.03,9.02,9.01,9.0,8.98,8.97,8.96,8.95,8.94,8.93,9.04,9.05,9.06,9.07,9.08,9.1,9.11,9.13,9.14,9.15,400,1000,2800,8400,3700,100,3100,11700,7900,700,4600,2000,3000,6000,600,2600,2100,1800,400,1200
245.0,9.04,170700,1538678.0,9.03,9.02,9.01,9.0,8.98,8.97,8.96,8.95,8.94,8.93,9.04,9.05,9.06,9.07,9.08,9.1,9.11,9.13,9.14,9.15,300,1000,2800,8400,3700,100,3100,11700,7900,700,4600,2000,3000,6000,600,2600,2100,1800,400,1200
246.0,9.04,170700,1538678.0,9.03,9.02,9.01,9.0,8.98,8.97,8.96,8.95,8.94,8.93,9.04,9.05,9.06,9.07,9.08,9.1,9.11,9.13,9.14,9.15,300,1000,2800,8400,3700,100,3100,11700,7900,700,4600,6000,3000,6000,600,2600,2100,1800,400,1200
247.0,9.04,170700,1538678.0,9.03,9.02,9.01,9.0,8.98,8.97,8.96,8.95,8.94,8.93,9.04,9.05,9.06,9.07,9.08,9.1,9.11,9.13,9.14,9.15,300,1000,2800,8400,3700,100,3100,11700,7900,700,6700,6000,2900,6000,600,2600,2100,1800,400,1200
248.0,9.04,170700,1538678.0,9.03,9.02,9.01,9.0,8.98,8.97,8.96,8.95,8.94,8.93,9.04,9.05,9.06,9.07,9.08,9.1,9.11,9.13,9.14,9.15,300,1000,2800,8400,3700,100,3100,11700,7900,700,6700,6000,2900,6000,600,2600,2100,1800,400,1200
249.0,9.04,171300,1544102.0,9.03,9.02,9.01,9.0,8.98,8.97,8.96,8.95,8.94,8.93,9.04,9.05,9.06,9.07,9.08,9.1,9.11,9.13,9.14,9.15,300,1000,2800,8400,3700,100,3100,11700,7900,700,6100,6000,2900,6000,600,2600,2100,1800,400,1200
250.0,9.04,171300,1544102.0,9.03,9.02,9.01,9.0,8.98,8.97,8.96,8.95,8.94,8.93,9.04,9.05,9.06,9.07,9.08,9.1,9.11,9.13,9.14,9.15,300,1000,2800,8500,3700,100,3100,11700,7900,700,5500,5400,2900,6000,600,2600,2100,1800,400,1200
251.0,9.04,171300,1544102.0,9.03,9.02,9.01,9.0,8.98,8.97,8.96,8.95,8.94,8.93,9.04,9.05,9.06,9.07,9.08,9.1,9.11,9.13,9.14,9.15,300,1000,2800,8500,3700,100,3100,11700,7900,700,5500,5400,2900,6000,600,2600,2100,1800,400,1200
252.0,9.04,171300,1544102.0,9.03,9.02,9.01,9.0,8.99,8.98,8.97,8.96,8.95,8.94,9.04,9.05,9.06,9.07,9.08,9.1,9.11,9.13,9.14,9.15,300,1000,2800,8600,100,3700,100,3100,11700,7900,5500,5400,2900,6000,600,2600,2100,1800,400,1200
253.0,9.04,171300,1544102.0,9.03,9.02,9.01,9.0,8.99,8.98,8.97,8.96,8.95,8.94,9.04,9.05,9.06,9.07,9.08,9.1,9.11,9.13,9.14,9.15,300,1000,2800,8600,100,3700,100,3100,11700,7900,5500,5400,2900,6000,600,2600,2100,1800,400,1200
254.0,9.04,171300,1544102.0,9.03,9.02,9.01,9.0,8.99,8.98,8.97,8.96,8.95,8.94,9.04,9.05,9.06,9.07,9.08,9.1,9.11,9.13,9.14,9.15,300,1000,2800,8600,100,3700,100,3100,11700,7900,5500,5400,2900,6000,600,2600,2100,1800,400,1200
255.0,9.04,171300,1544102.0,9.03,9.02,9.01,9.0,8.99,8.98,8.97,8.96,8.95,8.94,9.04,9.05,9.06,9.07,9.08,9.1,9.11,9.13,9.14,9.15,300,1000,2800,8600,100,3700,100,3100,11700,7900,7300,5400,2900,6000,600,2600,2100,1800,400,1200
256.0,9.04,171300,1544102.0,9.03,9.02,9.01,9.0,8.99,8.98,8.97,8.96,8.95,8.94,9.04,9.05,9.06,9.07,9.08,9.1,9.11,9.13,9.14,9.15,300,1000,2800,8600,100,3700,100,3100,11700,7900,7300,5400,2900,6000,600,2600,2100,1800,400,1200
257.0,9.04,171400,1545006.0,9.03,9.02,9.01,9.0,8.99,8.98,8.97,8.96,8.95,8.94,9.04,9.05,9.06,9.07,9.08,9.1,9.11,9.13,9.14,9.15,300,1000,2800,8600,100,3700,100,3100,11700,7900,7200,5400,2900,6000,600,2600,2100,1800,400,1200
258.0,9.04,171400,1545006.0,9.03,9.02,9.01,9.0,8.99,8.98,8.97,8.96,8.95,8.94,9.04,9.05,9.06,9.07,9.08,9.1,9.11,9.13,9.14,9.15,300,1000,2800,8600,100,3700,100,3100,11700,7900,7200,5400,2900,6000,600,2600,2100,1800,400,1200
259.0,9.04,171400,1545006.0,9.03,9.02,9.01,9.0,8.99,8.98,8.97,8.96,8.95,8.94,9.04,9.05,9.06,9.07,9.08,9.1,9.11,9.13,9.14,9.15,300,1000,2800,8600,100,3700,100,3100,11700,7900,7600,5400,2900,6000,600,2600,2100,1800,400,1200
260.0,9.04,171400,1545006.0,9.03,9.02,9.01,9.0,8.99,8.98,8.97,8.96,8.95,8.94,9.04,9.05,9.06,9.07,9.08,9.1,9.11,9.13,9.14,9.15,300,1000,2800,8600,100,3700,100,3100,11700,7900,5800,5400,2900,6000,600,2600,2100,1800,400,1200
261.0,9.04,171400,1545006.0,9.03,9.02,9.01,9.0,8.99,8.98,8.97,8.96,8.95,8.94,9.04,9.05,9.06,9.07,9.08,9.1,9.11,9.13,9.14,9.15,300,1000,2800,8600,200,3700,100,3100,11700,7900,5800,5400,2900,6000,600,2600,2100,1800,400,1200
262.0,9.04,171400,1545006.0,9.03,9.02,9.01,9.0,8.99,8.98,8.97,8.96,8.95,8.94,9.04,9.05,9.06,9.07,9.08,9.1,9.11,9.13,9.14,9.15,300,1000,2800,8600,200,3700,100,3100,11700,7900,5800,5400,2900,6000,600,2600,2100,1800,400,1200
263.0,9.04,171400,1545006.0,9.03,9.02,9.01,9.0,8.99,8.98,8.97,8.96,8.95,8.94,9.04,9.05,9.06,9.07,9.08,9.1,9.11,9.13,9.14,9.15,300,1000,2800,8600,200,3700,100,3100,11700,7900,5800,5400,2900,6000,600,2600,2100,1800,400,1200
264.0,9.04,171400,1545006.0,9.03,9.02,9.01,9.0,8.99,8.98,8.97,8.96,8.95,8.94,9.04,9.05,9.06,9.07,9.08,9.1,9.11,9.13,9.14,9.15,300,1000,2800,8600,200,3700,100,3100,11700,7900,5800,5400,2900,6000,600,2600,2100,1800,400,1200
265.0,9.04,172700,1556756.0,9.03,9.02,9.01,9.0,8.99,8.98,8.97,8.96,8.95,8.94,9.04,9.05,9.06,9.07,9.08,9.1,9.11,9.13,9.14,9.15,100,1000,2800,8900,200,3700,100,3100,11700,7900,4700,5400,2900,6000,600,2600,2100,1800,400,1200
266.0,9.04,172700,1556756.0,9.03,9.02,9.01,9.0,8.99,8.98,8.97,8.96,8.95,8.94,9.04,9.05,9.06,9.07,9.08,9.1,9.11,9.13,9.14,9.15,100,1000,2800,8900,200,3700,100,3100,11700,7900,4700,5400,2900,6000,600,2600,2100,1800,400,1200
267.0,9.04,172700,1556756.0,9.03,9.02,9.01,9.0,8.99,8.98,8.97,8.96,8.95,8.94,9.04,9.05,9.06,9.07,9.08,9.1,9.11,9.13,9.14,9.15,100,1000,2800,8900,200,3700,100,3100,11700,7900,4700,5400,2900,6000,600,2600,2100,1800,400,1200
268.0,9.04,172700,1556756.0,9.03,9.02,9.01,9.0,8.99,8.98,8.97,8.96,8.95,8.94,9.04,9.05,9.06,9.07,9.08,9.1,9.11,9.13,9.14,9.15,100,1000,2800,8900,200,3700,100,3100,11700,7900,4700,5400,2900,6000,600,2600,2100,1800,400,1200
269.0,9.04,172700,1556756.0,9.03,9.02,9.01,9.0,8.99,8.98,8.97,8.96,8.95,8.94,9.04,9.05,9.06,9.07,9.08,9.1,9.11,9.13,9.14,9.15,100,1000,2800,8900,200,3700,100,3100,11700,7900,4700,5400,2900,6000,600,2600,2100,1800,400,1200
270.0,9.04,172700,1556756.0,9.03,9.02,9.01,9.0,8.99,8.98,8.97,8.96,8.95,8.94,9.04,9.05,9.06,9.07,9.08,9.1,9.11,9.13,9.14,9.15,100,1000,2800,8900,300,3700,100,3100,11700,7900,4700,5400,2900,6000,600,2600,2100,1800,400,1200
271.0,9.04,172700,1556756.0,9.03,9.02,9.01,9.0,8.99,8.98,8.97,8.96,8.95,8.94,9.04,9.05,9.06,9.07,9.08,9.1,9.11,9.13,9.14,9.15,100,1000,2800,8900,300,3700,100,3100,11700,7900,4800,5400,2900,6000,600,2600,2100,1800,400,1200
272.0,9.04,172700,1556756.0,9.03,9.02,9.01,9.0,8.99,8.98,8.97,8.96,8.95,8.94,9.04,9.05,9.06,9.07,9.08,9.1,9.11,9.13,9.14,9.15,100,1000,2800,8900,300,3700,100,3100,12000,7900,4800,5400,2900,6000,600,2600,2100,1800,400,1200
273.0,9.04,172700,1556756.0,9.03,9.02,9.01,9.0,8.99,8.98,8.97,8.96,8.95,8.94,9.04,9.05,9.06,9.07,9.08,9.1,9.11,9.13,9.14,9.15,100,1000,2800,8900,300,3700,100,3100,12000,7900,4800,5400,2900,6000,600,2600,2100,1800,400,1200
274.0,9.04,173600,1564892.0,9.03,9.02,9.01,9.0,8.99,8.98,8.97,8.96,8.95,8.94,9.04,9.05,9.06,9.07,9.08,9.1,9.11,9.13,9.14,9.15,100,1000,2800,8900,300,3700,100,3100,12000,7900,3900,5400,2900,6000,600,2600,2100,1800,400,1200
275.0,9.04,173600,1564892.0,9.03,9.02,9.01,9.0,8.99,8.98,8.97,8.96,8.95,8.94,9.04,9.05,9.06,9.07,9.08,9.1,9.11,9.13,9.14,9.15,100,1000,2800,8900,300,3700,100,3100,12000,7900,3900,5400,2900,6000,600,2600,2100,1800,400,1200
276.0,9.04,173600,1564892.0,9.03,9.02,9.01,9.0,8.99,8.98,8.97,8.96,8.95,8.94,9.04,9.05,9.06,9.07,9.08,9.1,9.11,9.13,9.14,9.15,100,1000,2800,8900,300,3700,100,3100,12000,7900,3900,5400,2900,6000,600,2600,2100,1800,400,1200
277.0,9.03,173700,1565795.0,9.02,9.01,9.0,8.99,8.98,8.97,8.96,8.95,8.94,8.93,9.04,9.05,9.06,9.07,9.08,9.1,9.11,9.13,9.14,9.15,1000,2800,8900,300,3700,100,3100,12000,7900,700,5800,5400,2900,6000,600,2600,2100,1800,400,1200
278.0,9.02,173900,1567599.0,9.02,9.01,9.0,8.99,8.98,8.97,8.96,8.95,8.94,8.93,9.03,9.04,9.05,9.06,9.07,9.08,9.1,9.11,9.13,9.14,800,2800,8900,300,3700,100,3100,12000,7900,700,700,5700,5100,2900,6000,600,2600,2100,1800,400
279.0,9.02,173900,1567599.0,9.02,9.01,9.0,8.99,8.98,8.97,8.96,8.95,8.94,8.93,9.03,9.04,9.05,9.06,9.07,9.08,9.1,9.11,9.13,9.14,800,2800,8900,300,3700,100,3100,12000,7900,700,700,5700,5100,2900,6000,600,2600,2100,1800,400
280.0,9.02,173900,1567599.0,9.02,9.01,9.0,8.99,8.98,8.97,8.96,8.95,8.94,8.93,9.03,9.04,9.05,9.06,9.07,9.08,9.1,9.11,9.13,9.14,800,2800,8900,300,3700,100,3100,12000,7900,700,700,5700,5100,2900,6000,600,2600,2100,1800,400
281.0,9.02,173900,1567599.0,9.02,9.01,9.0,8.99,8.98,8.97,8.96,8.95,8.94,8.93,9.03,9.04,9.05,9.06,9.07,9.08,9.1,9.11,9.13,9.14,800,2800,8900,300,3700,100,3100,12000,7900,700,700,6300,5100,2900,6000,600,2600,2100,1800,400
282.0,9.02,173900,1567599.0,9.02,9.01,9.0,8.99,8.98,8.97,8.96,8.95,8.94,8.93,9.03,9.04,9.05,9.06,9.07,9.08,9.1,9.11,9.13,9.14,800,2800,8900,300,3700,100,3100,12000,7900,700,700,6300,5100,2900,6000,600,2600,2100,1800,400
283.0,9.02,173900,1567599.0,9.02,9.01,9.0,8.99,8.98,8.97,8.96,8.95,8.94,8.93,9.03,9.04,9.05,9.06,9.07,9.08,9.1,9.11,9.13,9.14,800,2800,8900,300,3700,100,3100,12000,7900,700,700,6300,5100,2900,6000,600,2600,2100,1800,400
284.0,9.02,173900,1567599.0,9.02,9.01,9.0,8.99,8.98,8.97,8.96,8.95,8.94,8.93,9.03,9.04,9.05,9.06,9.07,9.08,9.1,9.11,9.13,9.14,800,2800,8900,300,3700,100,3100,12000,7900,700,700,6300,5100,2900,6000,600,2600,2100,1800,400
285.0,9.03,174000,1568502.0,9.02,9.01,9.0,8.99,8.98,8.97,8.96,8.95,8.94,8.93,9.03,9.04,9.05,9.06,9.07,9.08,9.1,9.11,9.13,9.14,800,2800,8900,300,3700,100,3100,12000,7900,700,600,6300,5100,2900,6000,600,2600,2100,1800,400
286.0,9.03,174000,1568502.0,9.02,9.01,9.0,8.99,8.98,8.97,8.96,8.95,8.94,8.93,9.03,9.04,9.05,9.06,9.07,9.08,9.1,9.11,9.13,9.14,800,2800,8900,300,3700,100,3100,12000,7900,700,600,6300,5100,2900,6000,600,2600,2100,1800,400
287.0,9.03,174500,1573017.0,9.02,9.01,9.0,8.99,8.98,8.97,8.96,8.95,8.94,8.93,9.03,9.04,9.05,9.06,9.07,9.08,9.1,9.11,9.13,9.14,800,5800,8900,300,3700,100,3100,12000,7900,700,100,6300,5100,2900,6000,600,2600,2100,1800,400
288.0,9.03,174500,1573017.0,9.02,9.01,9.0,8.99,8.98,8.97,8.96,8.95,8.94,8.93,9.03,9.04,9.05,9.06,9.07,9.08,9.1,9.11,9.13,9.14,1500,5800,8900,300,3700,100,3100,12000,7900,700,100,6300,5100,2900,6000,600,2600,2100,1800,400
289.0,9.03,174500,1573017.0,9.02,9.01,9.0,8.99,8.98,8.97,8.96,8.95,8.94,8.93,9.03,9.04,9.05,9.06,9.07,9.08,9.1,9.11,9.13,9.14,1500,5800,8900,300,3700,100,3100,12000,7900,700,100,6300,5100,2900,6000,600,2600,2100,1800,400
290.0,9.03,174500,1573017.0,9.02,9.01,9.0,8.99,8.98,8.97,8.96,8.95,8.94,8.93,9.03,9.04,9.05,9.06,9.07,9.08,9.1,9.11,9.13,9.14,1500,5800,8900,300,3700,100,3100,12000,7900,700,100,4500,5100,2900,6000,600,2600,2100,1800,400
291.0,9.02,174600,1573919.0,9.02,9.01,9.0,8.99,8.98,8.97,8.96,8.95,8.94,8.93,9.03,9.04,9.05,9.06,9.07,9.08,9.1,9.11,9.13,9.14,1400,5800,8900,300,3700,100,3100,12000,7900,700,100,4500,5100,2900,6000,600,2600,2100,1800,400
292.0,9.02,174700,1574821.0,9.02,9.01,9.0,8.99,8.98,8.97,8.96,8.95,8.94,8.93,9.03,9.04,9.05,9.06,9.07,9.08,9.1,9.11,9.13,9.14,1300,5800,8900,300,3700,100,3100,12000,7900,700,2400,3000,5100,2900,6000,600,2600,2100,1800,400
293.0,9.02,176000,1586547.0,9.01,9.0,8.99,8.98,8.97,8.96,8.95,8.94,8.93,8.91,9.02,9.03,9.04,9.05,9.06,9.07,9.08,9.1,9.11,9.13,5800,8900,300,3700,100,3100,12000,7900,700,1000,300,2300,3000,5100,2900,6000,600,2600,2100,1800
294.0,9.02,176000,1586547.0,9.01,9.0,8.99,8.98,8.97,8.96,8.95,8.94,8.93,8.91,9.02,9.03,9.04,9.05,9.06,9.07,9.08,9.1,9.11,9.13,5800,8900,300,3700,100,3100,12000,7900,700,1000,300,2300,3000,5100,2900,6000,600,2600,2100,1800
295.0,9.01,176500,1591052.0,9.01,9.0,8.99,8.98,8.97,8.96,8.95,8.94,8.93,8.91,9.02,9.03,9.04,9.05,9.06,9.07,9.08,9.1,9.11,9.13,5300,8900,300,3700,100,3100,12000,7900,700,1000,300,5300,3000,5100,2900,6000,600,2600,2100,1800
296.0,9.01,176500,1591052.0,9.01,9.0,8.99,8.98,8.97,8.96,8.95,8.94,8.93,8.91,9.02,9.03,9.04,9.05,9.06,9.07,9.08,9.1,9.11,9.13,5300,8900,300,3700,100,3100,12000,7900,700,1000,300,5300,3000,5100,2900,6000,600,2600,2100,1800
297.0,9.01,176500,1591052.0,9.01,9.0,8.99,8.98,8.97,8.96,8.95,8.94,8.93,8.91,9.02,9.03,9.04,9.05,9.06,9.07,9.08,9.1,9.11,9.13,5300,8900,300,3700,100,3100,12000,7900,700,1000,900,5300,3000,5100,2900,6000,600,2600,2100,1800
298.0,9.01,177000,1595557.0,9.01,9.0,8.99,8.98,8.97,8.96,8.95,8.94,8.93,8.91,9.02,9.03,9.04,9.05,9.06,9.07,9.08,9.1,9.11,9.13,4800,8900,300,3700,100,3100,12000,7900,700,1000,900,5300,3000,5100,2900,6000,600,2600,2100,1800
299.0,9.01,177400,1599161.0,9.01,9.0,8.99,8.98,8.97,8.96,8.95,8.94,8.93,8.91,9.02,9.03,9.04,9.05,9.06,9.07,9.08,9.1,9.11,9.13,4400,8900,300,3700,100,3100,12000,7900,700,1000,900,5200,3000,5100,2900,6000,600,2600,2100,1800
300.0,9.01,177800,1602765.0,9.01,9.0,8.99,8.98,8.97,8.96,8.95,8.94,8.93,8.91,9.02,9.03,9.04,9.05,9.06,9.07,9.08,9.1,9.11,9.13,4000,8900,300,3700,100,3100,12000,7900,700,1000,900,3400,3000,5100,2900,6000,600,2600,2100,1800
301.0,9.01,177800,1602765.0,9.01,9.0,8.99,8.98,8.97,8.96,8.95,8.94,8.93,8.91,9.02,9.03,9.04,9.05,9.06,9.07,9.08,9.1,9.11,9.13,4000,8900,300,3700,100,3100,12000,7900,700,1000,1300,3700,3000,5100,2900,6000,600,2600,2100,1800
302.0,9.01,178200,1606369.0,9.01,9.0,8.99,8.98,8.97,8.96,8.95,8.94,8.93,8.91,9.02,9.03,9.04,9.05,9.06,9.07,9.08,9.1,9.11,9.13,3600,8900,300,3700,100,3100,12000,7900,700,1000,1300,3700,3000,5100,2900,6000,600,2600,2100,1800
303.0,9.01,178200,1606369.0,9.01,9.0,8.99,8.98,8.97,8.96,8.95,8.94,8.93,8.91,9.02,9.03,9.04,9.05,9.06,9.07,9.08,9.1,9.11,9.13,3600,8900,300,3700,100,3100,12000,7900,700,1000,1300,3700,3000,5100,2900,6000,600,2600,2100,1800
304.0,9.01,178400,1608171.0,9.01,9.0,8.99,8.98,8.97,8.96,8.95,8.94,8.93,8.91,9.02,9.03,9.04,9.05,9.06,9.07,9.08,9.1,9.11,9.13,3400,8900,300,3700,100,3100,12000,7900,700,1000,1300,3700,3000,5100,2900,5900,600,2600,2100,1800
305.0,9.01,178700,1610874.0,9.01,9.0,8.99,8.98,8.97,8.96,8.95,8.94,8.93,8.91,9.02,9.03,9.04,9.05,9.06,9.07,9.08,9.1,9.11,9.13,3100,8900,300,3700,100,3100,12000,7900,700,1000,1300,3700,3000,5100,2900,5900,600,2600,2100,1800
306.0,9.01,178700,1610874.0,9.01,9.0,8.99,8.98,8.97,8.96,8.95,8.94,8.93,8.91,9.02,9.03,9.04,9.05,9.06,9.07,9.08,9.1,9.11,9.13,3100,8900,300,3700,100,3100,12000,7900,700,1000,1300,3700,3000,5100,2900,5900,600,2600,2100,1800
307.0,9.01,179200,1615379.0,9.01,9.0,8.99,8.98,8.97,8.96,8.95,8.94,8.93,8.91,9.02,9.03,9.04,9.05,9.06,9.07,9.08,9.1,9.11,9.13,2600,8900,300,3700,100,3100,12000,7900,700,1000,3100,3700,3000,5100,2900,5900,600,2600,2100,1800
308.0,9.0,183300,1652305.0,9.0,8.99,8.98,8.97,8.96,8.95,8.94,8.93,8.91,8.9,9.01,9.02,9.03,9.04,9.05,9.06,9.07,9.08,9.1,9.11,7400,300,3700,100,3100,12000,7900,700,1000,4100,3200,3100,3700,3000,5100,2800,5900,600,2600,2100
309.0,9.0,184000,1658605.0,9.0,8.99,8.98,8.97,8.96,8.95,8.94,8.93,8.91,8.9,9.01,9.02,9.03,9.04,9.05,9.06,9.07,9.08,9.1,9.11,6700,300,3700,100,3100,12000,7900,700,1000,4100,3200,3100,3700,3000,5100,2800,5900,600,2600,2100
310.0,9.0,184000,1658605.0,9.0,8.99,8.98,8.97,8.96,8.95,8.94,8.93,8.91,8.9,9.01,9.02,9.03,9.04,9.05,9.06,9.07,9.08,9.1,9.11,6700,300,3700,100,3100,12000,7900,700,1000,4100,3200,3100,3700,2400,5100,2800,5900,600,2600,2100
311.0,9.0,184000,1658605.0,9.0,8.99,8.98,8.97,8.96,8.95,8.94,8.93,8.91,8.9,9.01,9.02,9.03,9.04,9.05,9.06,9.07,9.08,9.1,9.11,6700,300,3700,100,3100,12000,7900,700,1000,4100,3200,3100,3700,2400,5100,2800,5900,600,2600,2100
312.0,9.01,184800,1665807.0,9.0,8.99,8.98,8.97,8.96,8.95,8.94,8.93,8.91,8.9,9.01,9.02,9.03,9.04,9.05,9.06,9.07,9.08,9.1,9.11,6100,300,3700,100,3100,12000,7900,700,1000,4100,3000,3100,3700,2400,5100,2800,5900,600,2600,2100
313.0,9.01,184800,1665807.0,9.0,8.99,8.98,8.97,8.96,8.95,8.94,8.93,8.91,8.9,9.02,9.03,9.04,9.05,9.06,9.07,9.08,9.1,9.11,9.13,6300,300,3700,100,3100,12000,7900,700,1000,4100,3100,3700,2400,5100,2800,5900,600,2600,2100,1800
314.0,9.0,185400,1671207.0,9.0,8.99,8.98,8.97,8.96,8.95,8.94,8.93,8.91,8.9,9.02,9.03,9.04,9.05,9.06,9.07,9.08,9.1,9.11,9.13,5800,300,3700,100,3100,12000,7900,700,1000,4100,3200,3700,2400,5100,2800,5900,600,2600,2100,1800
315.0,9.0,185400,1671207.0,9.01,9.0,8.99,8.98,8.97,8.96,8.95,8.94,8.93,8.91,9.02,9.03,9.04,9.05,9.06,9.07,9.08,9.1,9.11,9.13,400,6100,300,3700,100,3100,12000,7900,700,1000,3300,3700,2400,5100,2800,5900,600,2600,2100,1800
316.0,9.0,185400,1671207.0,9.01,9.0,8.99,8.98,8.97,8.96,8.95,8.94,8.93,8.91,9.02,9.03,9.04,9.05,9.06,9.07,9.08,9.1,9.11,9.13,400,6100,300,3700,100,3100,12000,7900,700,1000,3300,3700,2400,5100,2800,5900,600,2600,2100,1800
317.0,9.01,185500,1672108.0,9.01,9.0,8.99,8.98,8.97,8.96,8.95,8.94,8.93,8.91,9.02,9.03,9.04,9.05,9.06,9.07,9.08,9.1,9.11,9.13,300,6100,300,3700,100,3100,12000,7900,700,1000,3300,3700,2400,5100,2800,5900,600,2600,2100,1800
318.0,9.01,185500,1672108.0,9.01,9.0,8.99,8.98,8.97,8.96,8.95,8.94,8.93,8.91,9.02,9.03,9.04,9.05,9.06,9.07,9.08,9.1,9.11,9.13,300,6100,300,3700,100,3100,12000,7900,700,1000,3300,3700,2400,5100,2800,5900,600,2600,2100,1800
319.0,9.01,185500,1672108.0,9.01,9.0,8.99,8.98,8.97,8.96,8.95,8.94,8.93,8.91,9.02,9.03,9.04,9.05,9.06,9.07,9.08,9.1,9.11,9.13,300,6100,300,3700,100,3100,12000,7900,700,1000,3300,3700,2400,5100,2800,5900,600,2600,2100,1800
320.0,9.01,185700,1673910.0,9.01,9.0,8.99,8.98,8.97,8.96,8.95,8.94,8.93,8.91,9.02,9.03,9.04,9.05,9.06,9.07,9.08,9.1,9.11,9.13,100,6100,300,4100,100,3100,12000,7900,700,1000,3300,3700,2400,5100,2800,5900,600,2600,2100,1800
321.0,9.01,185700,1673910.0,9.01,9.0,8.99,8.98,8.97,8.96,8.95,8.94,8.93,8.91,9.02,9.03,9.04,9.05,9.06,9.07,9.08,9.1,9.11,9.13,100,6100,300,4100,100,3100,12000,7900,700,1000,3300,3700,2400,5100,2800,5900,600,2600,2100,1800
322.0,9.01,185700,1673910.0,9.01,9.0,8.99,8.98,8.97,8.96,8.95,8.94,8.93,8.91,9.02,9.03,9.04,9.05,9.06,9.07,9.08,9.1,9.11,9.13,100,6100,300,4100,100,3100,12000,7900,700,1000,3300,3700,2400,5100,2800,5900,600,2600,2100,1800
323.0,9.02,186000,1676616.0,9.01,9.0,8.99,8.98,8.97,8.96,8.95,8.94,8.93,8.91,9.02,9.03,9.04,9.05,9.06,9.07,9.08,9.1,9.11,9.13,100,6100,300,4100,100,3100,12000,7900,700,1000,3000,3700,2400,5100,2800,5900,600,2600,2100,1800
324.0,9.02,186000,1676616.0,9.01,9.0,8.99,8.98,8.97,8.96,8.95,8.94,8.93,8.91,9.02,9.03,9.04,9.05,9.06,9.07,9.08,9.1,9.11,9.13,100,6100,300,4100,100,3100,12000,7900,700,1000,3000,3700,2400,5100,2800,5900,600,2600,2100,1800
325.0,9.02,186000,1676616.0,9.01,9.0,8.99,8.98,8.97,8.96,8.95,8.94,8.93,8.91,9.02,9.03,9.04,9.05,9.06,9.07,9.08,9.1,9.11,9.13,100,6100,300,4100,100,3100,12000,7900,700,1000,3000,3700,2400,5100,2800,5900,600,2600,2100,1800
326.0,9.02,186300,1679322.0,9.01,9.0,8.99,8.98,8.97,8.96,8.95,8.94,8.93,8.91,9.02,9.03,9.04,9.05,9.06,9.07,9.08,9.1,9.11,9.13,100,6100,300,4100,100,3100,12000,7900,700,1000,2700,3700,2400,5100,2800,5900,600,2600,2100,1800
327.0,9.01,186400,1680223.0,9.0,8.99,8.98,8.97,8.96,8.95,8.94,8.93,8.91,8.9,9.01,9.02,9.03,9.04,9.05,9.06,9.07,9.08,9.1,9.11,6100,300,4100,100,3100,12000,7900,700,1000,4100,2100,2700,3700,2400,5100,2800,5900,600,2600,2100
328.0,9.01,186400,1680223.0,9.0,8.99,8.98,8.97,8.96,8.95,8.94,8.93,8.91,8.9,9.01,9.02,9.03,9.04,9.05,9.06,9.07,9.08,9.1,9.11,6100,300,4100,100,3100,12000,7900,700,1000,4100,2100,2700,3700,2400,5100,2800,5900,600,2600,2100
329.0,9.01,187200,1687425.0,9.0,8.99,8.98,8.97,8.96,8.95,8.94,8.93,8.91,8.9,9.01,9.02,9.03,9.04,9.05,9.06,9.07,9.08,9.1,9.11,5500,300,4100,100,3100,12000,7900,700,1000,4100,1900,2700,3700,2400,5100,2800,5900,600,2600,2100
330.0,9.01,187200,1687425.0,9.0,8.99,8.98,8.97,8.96,8.95,8.94,8.93,8.91,8.9,9.01,9.02,9.03,9.04,9.05,9.06,9.07,9.08,9.1,9.11,5600,300,4100,100,3100,12000,7900,700,1000,4100,1900,2700,3700,2400,5100,2800,5900,600,2600,2100
331.0,9.01,187200,1687425.0,9.0,8.99,8.98,8.97,8.96,8.95,8.94,8.93,8.91,8.9,9.01,9.02,9.03,9.04,9.05,9.06,9.07,9.08,9.1,9.11,5600,300,4100,100,3100,12000,7900,700,1000,4100,2100,2700,3700,2400,5100,2800,5900,600,2600,2100
332.0,9.0,188300,1697325.0,9.0,8.99,8.98,8.97,8.96,8.95,8.94,8.93,8.91,8.9,9.01,9.02,9.03,9.04,9.05,9.06,9.07,9.08,9.1,9.11,4500,300,4100,100,3100,12000,7900,700,1000,4100,2100,2700,3700,2400,5100,2800,5900,600,2600,2100
333.0,9.01,188500,1699127.0,9.0,8.99,8.98,8.97,8.96,8.95,8.94,8.93,8.91,8.9,9.01,9.02,9.03,9.04,9.05,9.06,9.07,9.08,9.1,9.11,4500,300,4100,100,3100,12500,7900,700,1000,4100,1900,2700,3700,2400,5100,2800,5900,600,2600,2100
334.0,9.0,188900,1702727.0,9.0,8.99,8.98,8.97,8.96,8.95,8.94,8.93,8.91,8.9,9.01,9.02,9.03,9.04,9.05,9.06,9.07,9.08,9.1,9.11,4100,300,4100,100,3100,12500,7900,700,1000,4100,1900,900,3700,2400,5100,2800,5900,600,2600,2100
335.0,9.0,188900,1702727.0,9.0,8.99,8.98,8.97,8.96,8.95,8.94,8.93,8.91,8.9,9.01,9.02,9.03,9.04,9.05,9.06,9.07,9.08,9.1,9.11,4100,300,4100,100,3100,12500,7900,700,1000,4100,1900,900,3700,2400,5100,2800,5900,600,2600,2100
336.0,9.0,189400,1707228.0,9.0,8.99,8.98,8.97,8.96,8.95,8.94,8.93,8.91,8.9,9.01,9.02,9.03,9.04,9.05,9.06,9.07,9.08,9.1,9.11,3700,300,4100,100,3100,12500,7900,700,1000,4100,1800,900,3700,2400,5100,2800,5900,600,2600,2100
337.0,9.0,189400,1707228.0,9.0,8.99,8.98,8.97,8.96,8.95,8.94,8.93,8.91,8.9,9.01,9.02,9.03,9.04,9.05,9.06,9.07,9.08,9.1,9.11,3700,300,4300,100,3100,12500,7900,700,1000,4100,1800,900,3700,2400,5100,2800,5900,600,2600,2100
338.0,9.0,189400,1707228.0,9.0,8.99,8.98,8.97,8.96,8.95,8.94,8.93,8.91,8.9,9.01,9.02,9.03,9.04,9.05,9.06,9.07,9.08,9.1,9.11,3700,300,4300,100,3100,12500,7900,700,1000,4100,1800,900,3700,2400,5100,2800,5900,600,2600,2100
339.0,9.0,189400,1707228.0,9.0,8.99,8.98,8.97,8.96,8.95,8.94,8.93,8.91,8.9,9.01,9.02,9.03,9.04,9.05,9.06,9.07,9.08,9.1,9.11,3800,300,4300,100,3100,12500,7900,700,1000,4100,1800,900,3700,2400,5100,2800,5900,600,2600,2100
340.0,9.01,189600,1709030.0,9.0,8.99,8.98,8.97,8.96,8.95,8.94,8.93,8.91,8.9,9.01,9.02,9.03,9.04,9.05,9.06,9.07,9.08,9.1,9.11,3800,300,4300,100,3100,12500,7900,700,1000,4100,1600,900,3700,2400,5100,2800,5900,600,2600,2100
341.0,9.01,189600,1709030.0,9.0,8.99,8.98,8.97,8.96,8.95,8.94,8.93,8.91,8.9,9.01,9.02,9.03,9.04,9.05,9.06,9.07,9.08,9.1,9.11,3800,300,4300,100,3100,12500,7900,700,1000,4100,1600,900,3700,2400,5100,2800,5900,600,2600,2100
342.0,9.01,189700,1709931.0,9.0,8.99,8.98,8.97,8.96,8.95,8.94,8.93,8.91,8.9,9.01,9.02,9.03,9.04,9.05,9.06,9.07,9.08,9.1,9.11,3800,300,4300,100,3100,12500,7900,700,1000,4100,1500,900,3700,2400,5100,2800,5900,600,2600,2100
343.0,9.0,190500,1717132.0,9.0,8.99,8.98,8.97,8.96,8.95,8.94,8.93,8.91,8.9,9.01,9.02,9.03,9.04,9.05,9.06,9.07,9.08,9.1,9.11,3200,300,4300,100,3100,12500,7900,700,1000,4100,1400,900,3700,2400,5100,2800,5900,600,2600,2100
344.0,9.0,190800,1719832.0,9.0,8.99,8.98,8.97,8.96,8.95,8.94,8.93,8.91,8.9,9.01,9.02,9.03,9.04,9.05,9.06,9.07,9.08,9.1,9.11,2900,300,4300,100,3100,12500,7900,700,1000,4100,1400,900,3700,2400,5100,2800,3300,600,2600,2100
345.0,9.0,190800,1719832.0,9.0,8.99,8.98,8.97,8.96,8.95,8.94,8.93,8.91,8.9,9.01,9.02,9.03,9.04,9.05,9.06,9.07,9.08,9.1,9.11,2900,300,4300,100,3100,12500,7900,700,1000,4100,1400,900,3700,2400,5100,2800,3300,600,2600,2100
346.0,9.0,190900,1720732.0,9.0,8.99,8.98,8.97,8.96,8.95,8.94,8.93,8.91,8.9,9.01,9.02,9.03,9.04,9.05,9.06,9.07,9.08,9.1,9.11,2800,300,4300,100,3100,12500,7900,700,1000,4100,1400,900,3700,2400,5100,2800,3300,600,2600,2100
347.0,9.01,191000,1721633.0,9.0,8.99,8.98,8.97,8.96,8.95,8.94,8.93,8.91,8.9,9.01,9.02,9.03,9.04,9.05,9.06,9.07,9.08,9.1,9.11,2800,300,4300,100,3100,12500,7900,700,1000,4100,1300,900,3700,2400,5100,2800,3300,600,2600,2100
348.0,9.0,191100,1722533.0,9.0,8.99,8.98,8.97,8.96,8.95,8.94,8.93,8.91,8.9,9.01,9.02,9.03,9.04,9.05,9.06,9.07,9.08,9.1,9.11,2700,300,4300,100,3100,12500,7900,700,1000,4100,1300,900,3700,2400,5100,2800,3300,600,2600,2100
349.0,9.0,191100,1722533.0,9.0,8.99,8.98,8.97,8.96,8.95,8.94,8.93,8.91,8.9,9.01,9.02,9.03,9.04,9.05,9.06,9.07,9.08,9.1,9.11,2700,300,4300,100,3100,12500,7900,700,1000,4100,1300,900,3700,2000,5100,2800,3300,600,2600,2100
350.0,9.01,191200,1723434.0,9.0,8.99,8.98,8.97,8.96,8.95,8.94,8.93,8.91,8.9,9.01,9.02,9.03,9.04,9.05,9.06,9.07,9.08,9.1,9.11,2700,300,4300,100,3100,12500,7900,700,1000,4100,1200,900,3700,2000,5100,2800,3300,600,2600,2100
351.0,9.0,191400,1725234.0,9.0,8.99,8.98,8.97,8.96,8.95,8.94,8.93,8.91,8.9,9.01,9.02,9.03,9.04,9.05,9.06,9.07,9.08,9.1,9.11,2500,300,4300,100,3100,12500,7900,700,1000,4100,1200,900,3700,2000,5100,2800,3300,600,2600,2100
352.0,9.0,191400,1725234.0,9.0,8.99,8.98,8.97,8.96,8.95,8.94,8.93,8.91,8.9,9.01,9.02,9.03,9.04,9.05,9.06,9.07,9.08,9.1,9.11,2500,300,4000,100,3100,12500,7900,700,1000,4100,1200,900,3700,2000,5100,2800,3300,600,2600,2100
353.0,9.0,191400,1725234.0,9.0,8.99,8.98,8.97,8.96,8.95,8.94,8.93,8.91,8.9,9.01,9.02,9.03,9.04,9.05,9.06,9.07,9.08,9.1,9.11,2500,300,4000,100,3100,12500,7900,700,1000,4100,1200,900,3700,2000,5100,2800,3300,600,2600,2100
354.0,9.01,191500,1726135.0,9.0,8.99,8.98,8.97,8.96,8.95,8.94,8.93,8.91,8.9,9.01,9.02,9.03,9.04,9.05,9.06,9.07,9.08,9.1,9.11,2500,300,4000,100,3100,12500,7900,700,1000,4100,1100,900,3700,2000,5100,2800,3300,600,2600,2100
355.0,9.0,192000,1730635.0,9.0,8.99,8.98,8.97,8.96,8.95,8.94,8.93,8.91,8.9,9.01,9.02,9.03,9.04,9.05,9.06,9.07,9.08,9.1,9.11,2000,300,4000,100,3100,12500,7900,700,1000,4100,1100,900,3700,2000,5100,2800,3300,600,2600,2100
356.0,9.0,194000,1748635.0,8.99,8.98,8.97,8.96,8.95,8.94,8.93,8.91,8.9,8.89,9.0,9.01,9.02,9.03,9.04,9.05,9.06,9.07,9.08,9.1,300,4000,100,3100,12500,7900,700,1000,4100,3200,5700,1100,900,3700,1900,5100,2800,3300,600,2600
357.0,9.0,194500,1753135.0,8.99,8.98,8.97,8.96,8.95,8.94,8.93,8.91,8.9,8.89,9.0,9.01,9.02,9.03,9.04,9.05,9.06,9.07,9.08,9.1,300,4000,100,3100,12500,7900,700,1000,4100,3200,5200,1100,900,3700,1900,5100,2800,3300,600,2600
358.0,9.0,194500,1753135.0,8.99,8.98,8.97,8.96,8.95,8.94,8.93,8.91,8.9,8.89,9.0,9.01,9.02,9.03,9.04,9.05,9.06,9.07,9.08,9.1,300,4000,100,3100,12500,7900,700,1000,4100,3200,5200,1100,900,3700,1900,5100,2800,3300,600,2600
359.0,9.0,194500,1753135.0,8.99,8.98,8.97,8.96,8.95,8.94,8.93,8.91,8.9,8.89,9.0,9.01,9.02,9.03,9.04,9.05,9.06,9.07,9.08,9.1,300,4000,100,3100,12500,7900,700,1000,4100,3200,5200,2400,900,3700,1900,5100,2800,3300,600,2600
360.0,9.0,195000,1757635.0,8.99,8.98,8.97,8.96,8.95,8.94,8.93,8.91,8.9,8.89,9.0,9.01,9.02,9.03,9.04,9.05,9.06,9.07,9.08,9.1,300,4000,100,3100,12500,7900,700,1000,4100,3200,4700,2400,900,3700,1900,5100,2800,3300,600,2600
361.0,9.0,195000,1757635.0,8.99,8.98,8.97,8.96,8.95,8.94,8.93,8.91,8.9,8.89,9.0,9.01,9.02,9.03,9.04,9.05,9.06,9.07,9.08,9.1,600,4000,100,3100,12500,7900,700,1000,4100,3200,4700,2400,800,3700,1900,5100,2800,3300,600,2600
362.0,9.0,195000,1757635.0,8.99,8.98,8.97,8.96,8.95,8.94,8.93,8.91,8.9,8.89,9.0,9.01,9.02,9.03,9.04,9.05,9.06,9.07,9.08,9.1,600,4000,100,3400,12500,7900,700,1000,4100,3200,4700,2400,800,3700,1900,5100,2800,2100,600,2600
363.0,9.0,195000,1757635.0,8.99,8.98,8.97,8.96,8.95,8.94,8.93,8.91,8.9,8.89,9.0,9.01,9.02,9.03,9.04,9.05,9.06,9.07,9.08,9.1,600,4000,100,3400,12500,7900,700,1000,4100,3200,4700,2400,800,3400,1900,5100,2800,2100,600,2600
364.0,8.99,196000,1766629.0,8.98,8.97,8.96,8.95,8.94,8.93,8.91,8.9,8.89,8.88,8.99,9.0,9.01,9.02,9.03,9.04,9.05,9.06,9.07,9.08,5000,100,3400,12500,7900,700,1000,4100,3200,3000,5800,4300,2400,800,3400,1900,5100,2800,2100,600
365.0,8.99,198300,1787306.0,8.98,8.97,8.96,8.95,8.94,8.93,8.91,8.9,8.89,8.88,8.99,9.0,9.01,9.02,9.03,9.04,9.05,9.06,9.07,9.08,5000,100,3400,12500,7900,700,1000,4100,3200,3000,4300,4300,2400,800,2200,1900,5100,2800,2100,600
366.0,8.98,198800,1791796.0,8.98,8.97,8.96,8.95,8.94,8.93,8.91,8.9,8.89,8.88,8.99,9.0,9.01,9.02,9.03,9.04,9.05,9.06,9.07,9.08,4500,100,3400,12500,7900,700,1000,4100,3200,3000,4300,4300,2400,800,2200,1900,5100,2800,2100,600
367.0,8.99,200300,1805281.0,8.98,8.97,8.96,8.95,8.94,8.93,8.91,8.9,8.89,8.88,8.99,9.0,9.01,9.02,9.03,9.04,9.05,9.06,9.07,9.08,4500,100,3400,12500,7900,700,1000,4100,3200,3000,2800,4300,2400,800,2200,1900,5100,2800,2100,600
368.0,8.99,200700,1808877.0,8.98,8.97,8.96,8.95,8.94,8.93,8.91,8.9,8.89,8.88,8.99,9.0,9.01,9.02,9.03,9.04,9.05,9.06,9.07,9.08,4500,100,3400,12500,7900,700,1000,4100,3200,3000,2400,4000,2400,800,2200,1900,5100,2800,2100,600
369.0,8.99,200800,1809776.0,8.98,8.97,8.96,8.95,8.94,8.93,8.91,8.9,8.89,8.88,8.99,9.0,9.01,9.02,9.03,9.04,9.05,9.06,9.07,9.08,4700,100,3400,12500,7900,700,1000,4100,3200,3000,2300,4000,2400,800,2200,1900,5100,2800,2100,600
370.0,8.99,201000,1811574.0,8.98,8.97,8.96,8.95,8.94,8.93,8.91,8.9,8.89,8.88,8.99,9.0,9.01,9.02,9.03,9.04,9.05,9.06,9.07,9.08,4700,300,3400,12500,7900,700,1000,4100,3200,3000,2100,4000,2400,800,2200,1900,5100,2800,2100,600
371.0,8.99,201000,1811574.0,8.98,8.97,8.96,8.95,8.94,8.93,8.91,8.9,8.89,8.88,8.99,9.0,9.01,9.02,9.03,9.04,9.05,9.06,9.07,9.08,4700,300,3400,12500,7900,700,1000,4100,3200,3000,2100,4000,2400,800,2200,1900,5100,2800,2100,600
372.0,8.99,201000,1811574.0,8.98,8.97,8.96,8.95,8.94,8.93,8.91,8.9,8.89,8.88,8.99,9.0,9.01,9.02,9.03,9.04,9.05,9.06,9.07,9.08,5100,300,3400,12500,7900,700,1000,4100,3200,3000,2100,4000,2400,800,2200,1900,5100,2800,2100,600
373.0,8.99,201000,1811574.0,8.98,8.97,8.96,8.95,8.94,8.93,8.91,8.9,8.89,8.88,8.99,9.0,9.01,9.02,9.03,9.04,9.05,9.06,9.07,9.08,5300,300,3400,12500,7900,700,1000,4100,3200,3000,2100,4000,2400,800,2200,1900,5100,2800,2100,600
374.0,8.99,201700,1817862.0,8.98,8.97,8.96,8.95,8.94,8.93,8.91,8.9,8.89,8.88,8.99,9.0,9.01,9.02,9.03,9.04,9.05,9.06,9.07,9.08,4800,300,3400,12500,7900,700,1000,4100,3200,3000,1900,4000,2400,800,2200,1900,5100,2800,2100,600
375.0,8.99,201700,1817862.0,8.98,8.97,8.96,8.95,8.94,8.93,8.91,8.9,8.89,8.88,8.99,9.0,9.01,9.02,9.03,9.04,9.05,9.06,9.07,9.08,4800,300,3400,12500,7900,700,1000,4100,3200,3000,1900,4000,2400,800,2200,1900,5100,2800,2100,600
376.0,8.99,201700,1817862.0,8.98,8.97,8.96,8.95,8.94,8.93,8.91,8.9,8.89,8.88,8.99,9.0,9.01,9.02,9.03,9.04,9.05,9.06,9.07,9.08,4800,300,3400,12500,7900,700,1000,4100,3200,3000,1900,4000,2400,800,2200,1900,5100,2800,2100,600
377.0,8.99,201800,1818761.0,8.98,8.97,8.96,8.95,8.94,8.93,8.91,8.9,8.89,8.88,8.99,9.0,9.01,9.02,9.03,9.04,9.05,9.06,9.07,9.08,4800,300,3400,12500,7900,700,1000,4100,3200,3000,1800,4000,2400,800,2200,1900,5100,2800,2100,600
378.0,8.98,205200,1849296.0,8.98,8.97,8.96,8.95,8.94,8.93,8.91,8.9,8.89,8.88,8.99,9.0,9.01,9.02,9.03,9.04,9.05,9.06,9.07,9.08,1300,300,3400,12500,7900,700,1000,4100,3200,3000,1500,4000,1100,800,2200,1900,5100,2800,2100,600
379.0,8.98,205200,1849296.0,8.98,8.97,8.96,8.95,8.94,8.93,8.91,8.9,8.89,8.88,8.99,9.0,9.01,9.02,9.03,9.04,9.05,9.06,9.07,9.08,1300,300,3400,12500,7900,700,1000,4100,3200,3000,1500,4000,1100,800,2200,1900,5100,2800,2100,600
380.0,8.98,205500,1851991.0,8.98,8.97,8.96,8.95,8.94,8.93,8.91,8.9,8.89,8.88,8.99,9.0,9.01,9.02,9.03,9.04,9.05,9.06,9.07,9.08,1100,300,3400,12500,7900,700,1000,4100,3200,3000,1700,4000,1100,800,2200,1900,5100,2800,2100,600
381.0,8.98,206600,1861869.0,8.97,8.96,8.95,8.94,8.93,8.91,8.9,8.89,8.88,8.87,8.99,9.0,9.01,9.02,9.03,9.04,9.05,9.06,9.07,9.08,300,3400,12500,7900,700,1000,4100,3200,3000,3000,1700,4000,1100,800,2200,1900,5100,2800,2100,600
382.0,8.98,206600,1861869.0,8.97,8.96,8.95,8.94,8.93,8.91,8.9,8.89,8.88,8.87,8.99,9.0,9.01,9.02,9.03,9.04,9.05,9.06,9.07,9.08,500,3400,12500,7900,700,1000,4100,3200,3000,3000,1900,4000,1100,800,2200,1900,5100,2800,2100,600
383.0,8.98,206600,1861869.0,8.97,8.96,8.95,8.94,8.93,8.91,8.9,8.89,8.88,8.87,8.99,9.0,9.01,9.02,9.03,9.04,9.05,9.06,9.07,9.08,700,3400,12500,7900,700,1000,4100,3200,3000,3000,2100,4000,1100,800,2200,1900,5100,2800,2100,600
384.0,8.99,206800,1863667.0,8.97,8.96,8.95,8.94,8.93,8.91,8.9,8.89,8.88,8.87,8.99,9.0,9.01,9.02,9.03,9.04,9.05,9.06,9.07,9.08,900,3400,12500,7900,700,1000,4100,3200,3000,3000,2100,4000,1100,800,2200,1900,5100,2800,2100,600
385.0,8.99,206800,1863667.0,8.97,8.96,8.95,8.94,8.93,8.91,8.9,8.89,8.88,8.87,8.99,9.0,9.01,9.02,9.03,9.04,9.05,9.06,9.07,9.08,1000,3400,12500,7900,700,1000,4100,3200,3000,3000,2300,4000,1100,800,2200,1900,5100,2800,2100,600
386.0,8.99,206800,1863667.0,8.97,8.96,8.95,8.94,8.93,8.91,8.9,8.89,8.88,8.87,8.99,9.0,9.01,9.02,9.03,9.04,9.05,9.06,9.07,9.08,1300,3400,12500,7900,700,1000,4100,3200,3000,3000,2500,4000,1100,800,2200,1900,5100,2800,2100,600
387.0,8.99,207000,1865465.0,8.97,8.96,8.95,8.94,8.93,8.91,8.9,8.89,8.88,8.87,8.99,9.0,9.01,9.02,9.03,9.04,9.05,9.06,9.07,9.08,1300,3400,12500,7900,700,1000,4100,3200,3000,3000,2300,4000,1100,800,2200,1900,5100,2800,2100,600
388.0,8.97,207100,1866362.0,8.97,8.96,8.95,8.94,8.93,8.91,8.9,8.89,8.88,8.87,8.99,9.0,9.01,9.02,9.03,9.04,9.05,9.06,9.07,9.08,1400,3400,12900,7900,700,1000,4100,3200,3000,3000,2500,4000,1100,800,2200,1900,5100,2800,2100,600
389.0,8.99,207200,1867261.0,8.97,8.96,8.95,8.94,8.93,8.91,8.9,8.89,8.88,8.87,8.99,9.0,9.01,9.02,9.03,9.04,9.05,9.06,9.07,9.08,1600,3400,12900,7900,700,1000,4100,3200,3000,3000,2600,4000,1100,800,2200,1900,5100,2800,2100,600
390.0,8.99,207900,1873554.0,8.97,8.96,8.95,8.94,8.93,8.91,8.9,8.89,8.88,8.87,8.99,9.0,9.01,9.02,9.03,9.04,9.05,9.06,9.07,9.08,1800,3400,12900,7900,700,1000,4100,3200,3000,3000,2100,4000,1100,800,2200,1900,5100,2800,2100,600
391.0,8.99,208100,1875352.0,8.97,8.96,8.95,8.94,8.93,8.91,8.9,8.89,8.88,8.87,8.99,9.0,9.01,9.02,9.03,9.04,9.05,9.06,9.07,9.08,1800,3400,12900,7900,700,1000,4100,3200,3000,3000,1900,4000,1100,800,2200,1900,5100,2800,2100,600
392.0,8.99,208100,1875352.0,8.97,8.96,8.95,8.94,8.93,8.91,8.9,8.89,8.88,8.87,8.99,9.0,9.01,9.02,9.03,9.04,9.05,9.06,9.07,9.08,2100,3400,12900,7900,700,1000,4100,3200,3000,3000,2600,4000,1100,800,2200,1900,5100,2800,1100,600
393.0,8.99,208100,1875352.0,8.97,8.96,8.95,8.94,8.93,8.92,8.91,8.9,8.89,8.88,8.99,9.0,9.01,9.02,9.03,9.04,9.05,9.06,9.07,9.08,2200,3400,12900,7900,700,1000,1000,4100,3200,3000,2700,4000,1100,800,2200,1900,5100,2800,1100,600
394.0,8.99,208300,1877150.0,8.97,8.96,8.95,8.94,8.93,8.92,8.91,8.9,8.89,8.88,8.99,9.0,9.01,9.02,9.03,9.04,9.05,9.06,9.07,9.08,2400,3400,12900,7900,700,1000,1000,4100,3200,3000,2700,4000,1100,800,2200,1900,5100,2800,1100,600
395.0,8.97,208500,1878944.0,8.97,8.96,8.95,8.94,8.93,8.92,8.91,8.9,8.89,8.88,8.99,9.0,9.01,9.02,9.03,9.04,9.05,9.06,9.07,9.08,2300,3400,12900,7900,700,1000,1000,4100,3200,3000,2900,4000,1100,800,2200,1900,5100,2800,1100,600
396.0,8.97,208500,1878944.0,8.97,8.96,8.95,8.94,8.93,8.92,8.91,8.9,8.89,8.88,8.99,9.0,9.01,9.02,9.03,9.04,9.05,9.06,9.07,9.08,2400,3400,12900,7900,700,1000,1000,4100,3200,3000,2900,4000,1100,800,2200,1900,5100,2800,1100,600
397.0,8.99,208700,1880742.0,8.97,8.96,8.95,8.94,8.93,8.92,8.91,8.9,8.89,8.88,8.99,9.0,9.01,9.02,9.03,9.04,9.05,9.06,9.07,9.08,2700,3400,12900,7900,700,1000,1000,4100,3200,3000,3000,4000,1100,800,2200,1900,5100,2800,1100,600
398.0,8.99,208700,1880742.0,8.97,8.96,8.95,8.94,8.93,8.92,8.91,8.9,8.89,8.88,8.99,9.0,9.01,9.02,9.03,9.04,9.05,9.06,9.07,9.08,2800,3400,12900,7900,700,1000,1000,4100,3200,3000,3100,4000,1100,800,2200,1900,6100,2800,1100,600
399.0,8.97,209000,1883433.0,8.97,8.96,8.95,8.94,8.93,8.92,8.91,8.9,8.89,8.88,8.99,9.0,9.01,9.02,9.03,9.04,9.05,9.06,9.07,9.08,2700,3400,12900,7900,700,1000,1000,4100,3200,3000,3300,4000,1100,800,2200,1900,6100,2800,1100,600
400.0,8.97,209000,1883433.0,8.97,8.96,8.95,8.94,8.93,8.92,8.91,8.9,8.89,8.88,8.99,9.0,9.01,9.02,9.03,9.04,9.05,9.06,9.07,9.08,2800,3400,12900,7900,700,1000,1000,4100,3200,3000,3400,4000,1100,800,2200,1900,6100,2800,1100,600
401.0,8.99,209300,1886130.0,8.97,8.96,8.95,8.94,8.93,8.92,8.91,8.9,8.89,8.88,8.98,8.99,9.0,9.01,9.02,9.03,9.04,9.05,9.06,9.07,2900,3400,12900,7900,700,1000,1000,4100,3200,3000,900,4500,4000,1100,800,2200,1900,6100,2800,1100
402.0,8.98,209900,1891518.0,8.97,8.96,8.95,8.94,8.93,8.92,8.91,8.9,8.89,8.88,8.98,8.99,9.0,9.01,9.02,9.03,9.04,9.05,9.06,9.07,2900,3400,12900,7900,700,1000,1000,4100,3200,3000,300,4500,4000,1100,800,2200,1900,6100,2800,1100
403.0,8.97,210100,1893312.0,8.97,8.96,8.95,8.94,8.93,8.92,8.91,8.9,8.89,8.88,8.98,8.99,9.0,9.01,9.02,9.03,9.04,9.05,9.06,9.07,2700,3400,12900,7900,700,1000,1000,4100,3200,3000,300,4500,4000,1100,800,2200,1900,6100,2800,1100
404.0,8.98,210200,1894210.0,8.97,8.96,8.95,8.94,8.93,8.92,8.91,8.9,8.89,8.88,8.98,8.99,9.0,9.01,9.02,9.03,9.04,9.05,9.06,9.07,2700,3400,12900,7900,700,1000,1000,4100,3200,3000,200,4500,4000,1100,800,2200,1900,6100,2800,1100
405.0,8.98,210200,1894210.0,8.97,8.96,8.95,8.94,8.93,8.92,8.91,8.9,8.89,8.88,8.98,8.99,9.0,9.01,9.02,9.03,9.04,9.05,9.06,9.07,2700,8100,12900,7900,700,1000,1000,4100,3200,3000,600,4500,4000,1100,800,2200,1900,6100,2800,1100
406.0,8.98,210200,1894210.0,8.97,8.96,8.95,8.94,8.93,8.92,8.91,8.9,8.89,8.88,8.98,8.99,9.0,9.01,9.02,9.03,9.04,9.05,9.06,9.07,2700,8100,12900,7900,700,1000,1000,4100,3200,3000,600,4500,4000,1100,800,2200,1900,6100,2800,1100
407.0,8.98,210200,1894210.0,8.97,8.96,8.95,8.94,8.93,8.92,8.91,8.9,8.89,8.88,8.98,8.99,9.0,9.01,9.02,9.03,9.04,9.05,9.06,9.07,2700,8100,12600,7900,700,1000,1000,4100,3200,3000,600,4600,4000,1100,800,2200,1900,6100,2800,1100
408.0,8.98,210200,1894210.0,8.97,8.96,8.95,8.94,8.93,8.92,8.91,8.9,8.89,8.88,8.98,8.99,9.0,9.01,9.02,9.03,9.04,9.05,9.06,9.07,2700,8100,12600,7900,700,1000,1000,4100,3200,3000,900,4600,4000,1100,800,2200,1900,6100,2800,1100
409.0,8.98,210800,1899598.0,8.97,8.96,8.95,8.94,8.93,8.92,8.91,8.9,8.89,8.88,8.98,8.99,9.0,9.01,9.02,9.03,9.04,9.05,9.06,9.07,2700,8100,12600,7900,700,1000,1000,4100,3200,3000,300,4600,4000,1100,800,2200,1900,6100,2800,1100
410.0,8.97,211000,1901392.0,8.97,8.96,8.95,8.94,8.93,8.92,8.91,8.9,8.89,8.88,8.98,8.99,9.0,9.01,9.02,9.03,9.04,9.05,9.06,9.07,2500,8100,12600,7900,700,1000,1000,4100,3200,3000,300,4600,4000,1100,800,2200,1900,6100,2800,1100
411.0,8.97,211000,1901392.0,8.97,8.96,8.95,8.94,8.93,8.92,8.91,8.9,8.89,8.88,8.98,8.99,9.0,9.01,9.02,9.03,9.04,9.05,9.06,9.07,2500,8100,12600,7900,700,1000,1000,4100,3200,3000,300,4600,4000,1100,800,2200,1900,6100,2800,1100
412.0,8.99,211800,1908581.0,8.97,8.96,8.95,8.94,8.93,8.92,8.91,8.9,8.89,8.88,8.99,9.0,9.01,9.02,9.03,9.04,9.05,9.06,9.07,9.08,2500,8100,12600,7900,700,1000,1000,4100,3200,3000,4100,4000,1100,800,2200,1900,6100,2800,1100,600
413.0,8.99,213100,1920268.0,8.97,8.96,8.95,8.94,8.93,8.92,8.91,8.9,8.89,8.88,8.99,9.0,9.01,9.02,9.03,9.04,9.05,9.06,9.07,9.08,2500,8100,12600,7900,700,1000,1000,4100,3200,3000,2800,4000,1100,800,2200,1900,6100,2800,1100,600
414.0,8.99,214400,1931955.0,8.97,8.96,8.95,8.94,8.93,8.92,8.91,8.9,8.89,8.88,8.99,9.0,9.01,9.02,9.03,9.04,9.05,9.06,9.07,9.08,2800,8100,12600,7900,700,1000,1000,4100,3200,3000,1900,4000,1100,800,2200,1900,6100,4000,1100,600
415.0,8.98,215000,1937343.0,8.97,8.96,8.95,8.94,8.93,8.92,8.91,8.9,8.89,8.88,8.98,8.99,9.0,9.01,9.02,9.03,9.04,9.05,9.06,9.07,2900,8100,13200,7900,700,1000,1000,4100,3200,3000,30400,1900,4000,1100,800,2200,1900,6100,4000,1100
416.0,8.98,215700,1943629.0,8.97,8.96,8.95,8.94,8.93,8.92,8.91,8.9,8.89,8.88,8.98,8.99,9.0,9.01,9.02,9.03,9.04,9.05,9.06,9.07,3200,8100,13200,7900,700,1000,1000,4100,3200,3000,29700,1900,4000,1100,800,2200,1900,6100,4800,1100
417.0,8.98,223500,2013618.0,8.97,8.96,8.95,8.94,8.93,8.92,8.91,8.9,8.89,8.88,8.98,8.99,9.0,9.01,9.02,9.03,9.04,9.05,9.06,9.07,1100,8100,13200,7900,700,1000,1000,4100,3200,3000,27400,1900,4000,1100,700,2200,1900,6100,4800,1100
418.0,8.97,224000,2018107.0,8.97,8.96,8.95,8.94,8.93,8.92,8.91,8.9,8.89,8.88,8.98,8.99,9.0,9.01,9.02,9.03,9.04,9.05,9.06,9.07,1700,8100,13200,7900,700,1000,1000,4100,3200,3000,27000,1900,4000,1100,700,2200,1900,6100,4800,1100
419.0,8.97,224000,2018107.0,8.97,8.96,8.95,8.94,8.93,8.92,8.91,8.9,8.89,8.88,8.98,8.99,9.0,9.01,9.02,9.03,9.04,9.05,9.06,9.07,1700,8100,13200,7900,700,1000,1000,4100,3200,3000,27000,1900,4000,1100,700,2200,1900,6100,4800,1100
420.0,8.98,226000,2036067.0,8.97,8.96,8.95,8.94,8.93,8.92,8.91,8.9,8.89,8.88,8.98,8.99,9.0,9.01,9.02,9.03,9.04,9.05,9.06,9.07,1700,8100,13200,7900,700,1000,1000,4100,3200,3000,25000,1900,4000,1100,700,2200,1900,6100,4800,1100
421.0,8.98,226000,2036067.0,8.97,8.96,8.95,8.94,8.93,8.92,8.91,8.9,8.89,8.88,8.98,8.99,9.0,9.01,9.02,9.03,9.04,9.05,9.06,9.07,1900,8100,13200,7900,700,1000,1000,4100,3200,3000,25000,1900,4000,1100,700,2200,1900,6100,4800,1100
422.0,8.98,226000,2036067.0,8.97,8.96,8.95,8.94,8.93,8.92,8.91,8.9,8.89,8.88,8.98,8.99,9.0,9.01,9.02,9.03,9.04,9.05,9.06,9.07,1900,8100,13200,7900,700,1000,1000,4100,3200,3000,25200,1900,4000,1100,700,2200,1900,6100,4800,1100
423.0,8.98,226000,2036067.0,8.97,8.96,8.95,8.94,8.93,8.92,8.91,8.9,8.89,8.88,8.98,8.99,9.0,9.01,9.02,9.03,9.04,9.05,9.06,9.07,1900,10100,13200,7900,700,1000,1000,4100,3200,3000,25200,1900,4000,1100,700,2200,1900,6100,4800,1100
424.0,8.98,227200,2046843.0,8.97,8.96,8.95,8.94,8.93,8.92,8.91,8.9,8.89,8.88,8.98,8.99,9.0,9.01,9.02,9.03,9.04,9.05,9.06,9.07,1900,10100,13200,7900,700,1000,1000,4100,3200,3000,25100,1800,4000,1100,700,1000,1900,6100,4800,1100
425.0,8.98,230500,2076477.0,8.97,8.96,8.95,8.94,8.93,8.92,8.91,8.9,8.89,8.88,8.98,8.99,9.0,9.01,9.02,9.03,9.04,9.05,9.06,9.07,2800,10100,13200,7900,700,1000,1000,4100,3200,3000,21900,1800,4000,1100,700,1000,1900,6100,4800,1100
426.0,8.98,230500,2076477.0,8.97,8.96,8.95,8.94,8.93,8.92,8.91,8.9,8.89,8.88,8.98,8.99,9.0,9.01,9.02,9.03,9.04,9.05,9.06,9.07,2900,10100,13200,7900,700,1000,1000,4100,3200,3000,21900,1800,4000,1100,700,1000,1900,6100,4800,1100
427.0,8.98,231600,2086355.0,8.97,8.96,8.95,8.94,8.93,8.92,8.91,8.9,8.89,8.88,8.98,8.99,9.0,9.01,9.02,9.03,9.04,9.05,9.06,9.07,2900,10100,13200,7900,700,1000,1000,4100,3200,3000,20800,1800,4000,1100,700,1000,1900,6100,4800,1100
428.0,8.98,231600,2086355.0,8.97,8.96,8.95,8.94,8.93,8.92,8.91,8.9,8.89,8.88,8.98,8.99,9.0,9.01,9.02,9.03,9.04,9.05,9.06,9.07,2200,10100,13200,7900,700,1000,1000,4100,3200,3000,20800,1800,4000,1100,700,1000,1900,6100,4800,1100
429.0,8.98,241600,2176155.0,8.97,8.96,8.95,8.94,8.93,8.92,8.91,8.9,8.89,8.88,8.98,8.99,9.0,9.01,9.02,9.03,9.04,9.05,9.06,9.07,2300,10100,13200,7900,700,1000,1000,4100,3200,3000,11100,1800,4000,1100,700,1000,1900,6100,4800,1100
430.0,8.98,241600,2176155.0,8.97,8.96,8.95,8.94,8.93,8.92,8.91,8.9,8.89,8.88,8.98,8.99,9.0,9.01,9.02,9.03,9.04,9.05,9.06,9.07,2300,10100,12700,7900,700,1000,1000,4100,3200,3000,11100,1800,4000,1100,700,1000,1900,6100,4800,1100
431.0,8.98,242900,2187829.0,8.97,8.96,8.95,8.94,8.93,8.92,8.91,8.9,8.89,8.88,8.98,8.99,9.0,9.01,9.02,9.03,9.04,9.05,9.06,9.07,2300,10100,12700,7900,700,1000,1000,4100,3200,3000,9800,1800,4000,1100,700,1000,1900,6100,4800,1100
432.0,8.98,243800,2195911.0,8.97,8.96,8.95,8.94,8.93,8.92,8.91,8.9,8.89,8.88,8.98,8.99,9.0,9.01,9.02,9.03,9.04,9.05,9.06,9.07,2300,10100,12700,7900,700,1000,1000,4100,3200,3000,8900,1800,4000,1100,700,1000,1900,6100,4800,1100
433.0,8.98,254800,2294691.0,8.98,8.97,8.96,8.95,8.94,8.93,8.92,8.91,8.9,8.89,8.99,9.0,9.01,9.02,9.03,9.04,9.05,9.06,9.07,9.08,8200,2200,10100,12700,7900,700,1000,1000,4100,3200,1800,4000,1100,700,1000,1900,6100,4800,1100,600
434.0,8.99,254900,2295590.0,8.98,8.97,8.96,8.95,8.94,8.93,8.92,8.91,8.9,8.89,8.99,9.0,9.01,9.02,9.03,9.04,9.05,9.06,9.07,9.08,10300,2300,10100,12700,7900,700,1000,1000,4100,3200,1700,4000,1100,700,1000,1900,6100,4800,1100,600
435.0,8.99,254900,2295590.0,8.98,8.97,8.96,8.95,8.94,8.93,8.92,8.91,8.9,8.89,8.99,9.0,9.01,9.02,9.03,9.04,9.05,9.06,9.07,9.08,10300,2300,10100,12700,7900,700,1000,1000,4100,3200,1700,4000,1100,700,1000,1900,6100,4800,1100,600
436.0,8.99,254900,2295590.0,8.98,8.97,8.96,8.95,8.94,8.93,8.92,8.91,8.9,8.89,8.99,9.0,9.01,9.02,9.03,9.04,9.05,9.06,9.07,9.08,10300,2300,10100,12700,7900,700,1000,1000,4100,3200,1700,4000,1100,700,1000,1900,6100,4800,1100,600
437.0,8.98,255400,2300084.0,8.98,8.97,8.96,8.95,8.94,8.93,8.92,8.91,8.9,8.89,8.99,9.0,9.01,9.02,9.03,9.04,9.05,9.06,9.07,9.08,10200,2300,10100,12700,7900,700,1000,1000,4100,3200,1300,4000,1100,700,1000,1900,6100,4800,1100,600
438.0,8.98,255400,2300084.0,8.98,8.97,8.96,8.95,8.94,8.93,8.92,8.91,8.9,8.89,8.99,9.0,9.01,9.02,9.03,9.04,9.05,9.06,9.07,9.08,10200,2300,10100,12700,7900,700,1500,1000,4100,3200,400,4000,1100,700,1000,1900,6100,4800,1100,600
439.0,8.98,255400,2300084.0,8.98,8.97,8.96,8.95,8.94,8.93,8.92,8.91,8.9,8.89,8.99,9.0,9.01,9.02,9.03,9.04,9.05,9.06,9.07,9.08,10200,2300,10100,12700,7900,700,1500,1000,4100,3200,400,4000,1100,700,1000,1900,6100,4800,1100,600
440.0,8.98,255400,2300084.0,8.98,8.97,8.96,8.95,8.94,8.93,8.92,8.91,8.9,8.89,8.99,9.0,9.01,9.02,9.03,9.04,9.05,9.06,9.07,9.08,10200,2300,10100,12700,7900,700,1500,1000,4100,3200,400,4000,1100,700,1000,1900,6100,4800,1100,600
441.0,8.99,255500,2300983.0,8.98,8.97,8.96,8.95,8.94,8.93,8.92,8.91,8.9,8.89,8.99,9.0,9.01,9.02,9.03,9.04,9.05,9.06,9.07,9.08,10200,2300,10100,12700,7900,700,1500,1000,4100,3200,300,8300,1300,700,1000,1900,6100,4800,1100,600
442.0,8.99,255500,2300983.0,8.98,8.97,8.96,8.95,8.94,8.93,8.92,8.91,8.9,8.89,8.99,9.0,9.01,9.02,9.03,9.04,9.05,9.06,9.07,9.08,10200,2300,10100,12700,7900,700,1500,1000,4100,3200,300,8300,1300,700,1000,1900,6100,4800,1100,600
443.0,8.98,256000,2305473.0,8.98,8.97,8.96,8.95,8.94,8.93,8.92,8.91,8.9,8.89,8.99,9.0,9.01,9.02,9.03,9.04,9.05,9.06,9.07,9.08,9700,2300,10100,12700,7900,700,1500,1000,4100,3200,700,4000,1300,700,1000,1900,6100,4800,1100,600
444.0,8.98,256000,2305473.0,8.98,8.97,8.96,8.95,8.94,8.93,8.92,8.91,8.9,8.89,8.99,9.0,9.01,9.02,9.03,9.04,9.05,9.06,9.07,9.08,9700,2300,10100,12700,7900,700,1500,1000,4100,3200,700,4000,1300,700,1000,1900,6100,4800,1100,600
445.0,8.98,256000,2305473.0,8.98,8.97,8.96,8.95,8.94,8.93,8.92,8.91,8.9,8.89,8.99,9.0,9.01,9.02,9.03,9.04,9.05,9.06,9.07,9.08,9700,2300,10900,12700,7900,700,1500,1000,4100,3200,700,4000,1300,700,1000,1900,6100,4800,1100,600
446.0,8.98,256000,2305473.0,8.98,8.97,8.96,8.95,8.94,8.93,8.92,8.91,8.9,8.89,8.99,9.0,9.01,9.02,9.03,9.04,9.05,9.06,9.07,9.08,9700,2300,10900,12700,7900,700,1500,1000,4100,3200,700,4000,1300,700,1000,1900,6100,4800,1100,600
447.0,9.0,258000,2323466.0,8.98,8.97,8.96,8.95,8.94,8.93,8.92,8.91,8.9,8.89,9.0,9.01,9.02,9.03,9.04,9.05,9.06,9.07,9.08,9.1,9700,10200,10900,12700,7900,700,1500,1000,4100,3200,10600,1300,700,1000,1900,6100,4800,1100,600,2600
