LocalTime,LastPrice,TradeVolume,TradeValue,BidPrice1,BidPrice2,BidPrice3,BidPrice4,BidPrice5,BidPrice6,BidPrice7,BidPrice8,BidPrice9,BidPriceA,AskPrice1,AskPrice2,AskPrice3,AskPrice4,AskPrice5,AskPrice6,AskPrice7,AskPrice8,AskPrice9,AskPriceA,BidVolume1,BidVolume2,BidVolume3,BidVolume4,BidVolume5,BidVolume6,BidVolume7,BidVolume8,BidVolume9,BidVolumeA,AskVolume1,AskVolume2,AskVolume3,AskVolume4,AskVolume5,AskVolume6,AskVolume7,AskVolume8,AskVolume9,AskVolumeA
0.0,284.96,2000,569920.0,284.8,284.62,284.01,284.0,283.98,283.78,283.77,283.76,283.51,283.5,285.35,286.5,286.8,287.0,287.25,287.99,288.0,288.08,288.85,288.99,500,100,100,200,100,200,1800,100,100,100,100,100,100,600,100,100,100,100,300,1100
1.0,284.96,2000,569920.0,284.8,284.62,284.01,284.0,283.98,283.78,283.77,283.76,283.51,283.5,285.35,286.5,286.8,287.0,287.25,287.99,288.0,288.08,288.85,288.99,500,100,100,200,100,200,1800,100,100,100,400,100,100,600,100,100,100,100,300,1100
2.0,285.0,2200,626900.0,284.8,284.01,284.0,283.98,283.78,283.77,283.76,283.51,283.5,283.2,285.0,285.35,286.49,286.5,286.8,286.99,287.0,287.25,287.99,288.0,400,100,200,100,200,1800,100,100,100,100,200,400,200,100,100,100,600,100,100,100
3.0,285.0,2200,626900.0,284.8,284.02,284.01,284.0,283.98,283.78,283.77,283.51,283.5,283.2,285.0,285.35,286.49,286.5,286.79,286.8,286.99,287.0,287.25,287.99,500,100,100,200,100,200,1800,100,100,100,200,400,200,100,100,100,100,700,100,100
4.0,287.0,3700,1056146.0,285.8,284.9,284.8,284.02,284.01,284.0,283.98,283.78,283.77,283.51,287.0,287.25,287.99,288.0,288.08,288.2,288.85,288.99,289.0,289.98,900,100,500,100,100,200,100,200,1800,100,400,200,100,100,100,100,300,1100,400,300
5.0,285.8,3900,1113306.0,285.8,284.9,284.8,284.02,284.01,284.0,283.98,283.78,283.77,283.51,286.0,286.98,287.0,287.25,287.99,288.0,288.08,288.2,288.85,288.99,700,100,500,100,100,200,100,200,1800,100,100,300,400,200,100,100,100,100,300,1100
6.0,284.8,5300,1512856.0,284.02,284.01,284.0,283.98,283.78,283.77,283.51,283.5,283.2,283.03,284.66,284.8,284.87,286.98,287.0,287.25,287.99,288.0,288.08,288.2,100,100,200,100,200,1800,100,100,100,100,200,1500,900,300,400,200,100,100,100,100
7.0,284.66,5400,1541322.0,284.02,284.01,284.0,283.98,283.78,283.77,283.51,283.5,283.2,283.03,284.66,284.8,284.87,285.35,286.98,287.0,287.16,287.25,287.95,287.99,100,100,200,100,200,1800,100,100,100,100,100,2200,1100,100,300,400,100,200,100,100
8.0,284.66,5600,1598190.0,284.01,284.0,283.98,283.78,283.77,283.51,283.5,283.2,283.03,283.01,284.8,284.87,285.04,285.06,285.08,285.1,285.35,286.98,287.0,287.16,100,200,100,200,1800,100,100,100,100,100,2000,1100,200,200,100,400,100,300,400,100
9.0,284.01,5700,1626591.0,284.0,283.98,283.78,283.77,283.51,283.5,283.2,283.03,283.01,283.0,284.8,284.87,285.04,285.06,285.07,285.08,285.1,285.35,285.8,286.48,200,100,200,1800,100,100,100,100,100,1800,2300,1100,200,200,100,100,400,100,600,500
10.0,284.0,6400,1825815.0,284.0,283.98,283.78,283.77,283.51,283.5,283.2,283.03,283.01,283.0,284.8,284.87,284.99,285.04,285.06,285.07,285.08,285.1,285.35,285.5,100,100,200,1800,100,100,100,100,100,1800,2000,600,100,200,200,100,100,400,100,100
11.0,284.65,8200,2338224.0,283.98,283.78,283.77,283.51,283.5,283.2,283.03,283.01,283.0,282.86,284.66,284.8,284.87,284.99,285.35,285.5,285.8,286.48,286.91,286.95,100,200,1800,100,100,100,100,100,1800,600,100,1000,600,100,100,100,200,500,200,100
12.0,284.0,8600,2451855.0,283.98,283.79,283.78,283.77,283.51,283.5,283.2,283.03,283.01,283.0,284.08,284.09,284.66,284.8,284.85,284.87,284.88,284.89,284.9,284.99,100,400,200,1800,100,100,100,100,100,1800,100,200,200,800,200,1000,200,300,100,100
13.0,283.95,9600,2735829.0,283.79,283.78,283.77,283.51,283.5,283.2,283.03,283.01,283.0,282.86,283.95,284.09,284.1,284.48,284.66,284.75,284.8,284.84,284.85,284.86,300,200,1800,100,100,100,100,100,1800,600,800,200,100,100,200,100,800,100,100,200
14.0,283.95,10300,2934594.0,283.78,283.77,283.51,283.5,283.2,283.03,283.01,283.0,282.86,282.36,283.95,284.09,284.1,284.66,284.7,284.73,284.74,284.75,284.76,284.8,200,1800,100,100,100,100,100,1800,600,100,100,200,1000,200,200,200,200,200,100,800
15.0,283.77,11400,3246761.0,283.77,283.51,283.5,283.2,283.03,283.01,283.0,282.86,282.36,282.2,284.08,284.09,284.1,284.66,284.7,284.73,284.74,284.75,284.76,284.8,1000,100,100,100,100,200,1800,600,100,2400,100,200,1600,200,200,200,200,200,100,800
16.0,283.51,12700,3615637.0,283.5,283.2,283.03,283.01,283.0,282.86,282.36,282.2,282.11,282.0,283.76,283.86,283.87,283.92,283.93,283.94,284.09,284.1,284.66,284.7,100,100,100,200,1800,600,100,2400,100,2500,100,100,100,100,100,100,200,1600,200,200
17.0,283.2,12900,3672307.0,283.03,283.01,283.0,282.86,282.36,282.2,282.11,282.0,281.81,281.59,283.2,283.5,283.75,283.76,283.77,283.78,283.82,283.86,283.87,283.92,100,200,1800,600,100,2400,100,2500,200,100,100,1100,100,300,2200,400,100,100,100,100
18.0,283.5,13400,3813886.0,283.01,283.0,282.86,282.36,282.2,282.11,282.0,281.81,281.59,281.5,283.48,283.5,283.74,283.75,283.76,283.77,283.78,283.82,283.86,283.92,200,1800,600,100,2400,100,2500,200,100,100,800,1000,1100,100,1500,2200,400,100,100,100
19.0,283.0,14100,4011988.0,283.0,282.86,282.36,282.2,282.11,282.0,281.81,281.59,281.5,281.06,283.01,283.47,283.5,283.72,283.74,283.75,283.76,283.77,283.78,283.82,1300,600,100,2400,100,2500,200,100,100,100,100,200,1000,100,1100,100,2000,2200,400,100
20.0,283.16,14700,4181807.0,283.0,282.86,282.36,282.2,282.11,282.0,281.81,281.59,281.5,281.06,283.46,283.47,283.5,283.74,283.76,283.77,283.78,283.86,283.92,283.93,1100,600,100,2400,100,2500,200,100,100,100,300,200,1000,1100,2000,1000,400,100,100,200
21.0,283.0,14900,4238422.0,283.0,282.86,282.36,282.2,282.11,282.0,281.81,281.59,281.5,281.06,283.46,283.47,283.5,283.74,283.76,283.77,283.78,283.86,283.92,283.93,1000,600,100,2400,100,2500,200,100,100,100,300,200,1000,1100,2000,1000,400,100,100,200
22.0,283.46,15000,4266768.0,283.0,282.86,282.36,282.2,282.11,282.0,281.81,281.59,281.5,281.06,283.46,283.47,283.5,283.74,283.76,283.77,283.86,283.92,283.93,284.09,1000,600,100,2400,100,2500,200,100,100,100,200,200,1000,1100,1100,500,100,100,200,200
23.0,283.0,16100,4578069.0,282.86,282.36,282.2,282.11,282.0,281.81,281.59,281.5,281.06,281.01,282.99,283.0,283.31,283.46,283.47,283.5,283.74,283.76,283.77,283.86,600,100,2400,100,2500,200,100,100,100,100,100,1000,100,200,200,1000,1100,100,500,100
24.0,282.99,16200,4606368.0,282.86,282.36,282.2,282.11,282.0,281.81,281.59,281.5,281.06,281.01,282.99,283.0,283.31,283.46,283.47,283.5,283.74,283.77,283.86,283.92,600,100,2400,100,2500,200,100,100,100,100,500,1000,100,200,200,1000,1100,500,100,100
25.0,282.99,16200,4606368.0,282.87,282.86,282.36,282.2,282.11,282.0,281.81,281.59,281.5,281.06,282.99,283.0,283.31,283.46,283.47,283.5,283.74,283.77,283.86,283.92,200,600,100,2400,100,2500,200,100,100,100,1100,1000,100,200,200,1000,1100,500,100,100
26.0,283.93,21900,6221811.0,283.79,283.78,283.77,283.74,283.52,283.5,283.05,283.04,282.87,282.86,284.78,284.79,284.8,284.87,285.5,285.99,286.48,286.86,286.91,286.95,100,400,100,200,100,100,100,600,200,600,200,400,300,600,100,100,500,100,200,100
27.0,284.77,22000,6250288.0,283.79,283.78,283.77,283.74,283.52,283.5,283.05,283.04,283.01,282.87,284.76,284.77,284.78,284.79,284.8,284.87,285.5,285.99,286.48,286.86,100,400,100,200,100,100,100,600,100,200,100,200,200,300,200,600,100,100,500,100
28.0,283.01,23800,6760436.0,282.9,282.89,282.88,282.87,282.86,282.36,282.2,282.11,282.0,281.81,284.74,284.75,284.76,284.77,284.78,284.79,284.8,284.87,285.5,285.99,100,200,200,200,600,100,2400,100,2500,200,100,200,200,200,200,300,200,600,100,100
29.0,283.01,23800,6760436.0,283.25,283.24,283.23,283.22,283.21,283.2,283.19,283.18,283.17,283.16,284.29,284.35,284.41,284.43,284.73,284.74,284.75,284.76,284.77,284.78,100,100,100,100,300,100,100,100,100,100,200,200,200,100,200,200,200,200,200,200
30.0,283.01,23800,6760436.0,283.78,283.36,283.35,283.34,283.33,283.32,283.31,283.3,283.29,283.28,284.29,284.35,284.41,284.43,284.73,284.74,284.75,284.76,284.77,284.78,100,100,100,100,300,100,100,100,100,100,200,200,200,100,200,200,200,300,200,200
31.0,284.29,23900,6788865.0,283.79,283.78,283.36,283.35,283.34,283.33,283.32,283.31,283.3,283.29,284.29,284.35,284.41,284.43,284.73,284.74,284.75,284.76,284.77,284.78,300,100,100,100,100,300,100,100,100,100,100,200,200,100,200,200,200,300,200,200
32.0,283.79,24100,6845673.0,283.79,283.78,283.36,283.35,283.34,283.33,283.32,283.31,283.3,283.29,284.41,284.73,284.74,284.75,284.76,284.77,284.78,284.79,284.8,284.87,200,100,100,100,100,300,100,100,100,100,200,200,200,200,300,200,200,200,200,600
33.0,283.95,24200,6874068.0,283.94,283.93,283.92,283.91,283.9,283.89,283.88,283.87,283.86,283.85,284.76,284.8,284.87,285.5,285.99,286.48,286.86,286.91,286.95,286.98,100,100,200,100,100,100,100,100,300,200,100,200,400,100,100,400,100,200,100,300
34.0,283.73,26600,7555585.0,284.07,284.06,284.05,284.04,284.03,284.02,284.01,284.0,283.99,283.98,284.86,284.87,285.5,285.99,286.48,286.86,286.91,286.95,286.98,287.0,100,100,100,200,200,200,200,200,200,100,100,400,100,100,400,100,200,100,300,500
35.0,283.94,27500,7811610.0,283.94,283.87,283.78,283.75,283.73,283.46,283.33,283.27,283.02,282.87,284.09,284.21,284.82,284.83,284.84,284.86,284.87,285.5,285.99,286.48,200,700,100,100,900,200,200,200,100,100,100,200,100,100,100,200,600,100,100,400
36.0,284.09,27600,7840019.0,283.94,283.87,283.78,283.75,283.73,283.46,283.33,283.27,283.02,282.87,284.2,284.81,284.82,284.83,284.84,284.86,284.87,285.5,285.99,286.48,200,700,100,100,700,200,200,200,100,100,100,100,100,100,100,100,600,100,100,400
37.0,283.94,28000,7953621.0,283.87,283.78,283.73,283.46,283.27,283.0,282.87,282.86,282.36,282.2,284.52,284.53,284.54,284.55,284.56,284.57,284.58,284.59,284.6,284.61,700,100,700,200,200,100,100,600,100,2400,100,100,100,100,200,100,100,100,300,500
38.0,283.93,29200,8294178.0,283.93,283.73,283.46,283.0,282.87,282.86,282.36,282.2,282.11,282.01,283.94,284.2,284.52,284.53,284.54,284.55,284.56,284.57,284.58,284.59,100,100,200,100,100,600,100,2400,100,100,300,300,100,100,100,100,200,100,100,100
39.0,283.94,29400,8350966.0,283.93,283.46,283.0,282.87,282.86,282.36,282.2,282.11,282.01,282.0,283.94,284.2,284.52,284.53,284.54,284.55,284.56,284.57,284.58,284.59,100,200,100,100,600,100,2400,100,100,2600,100,300,100,100,100,100,200,100,100,100
40.0,283.94,29500,8379360.0,283.93,283.46,283.0,282.87,282.86,282.36,282.2,282.11,282.01,282.0,284.2,284.56,284.58,284.6,284.62,284.63,284.64,284.65,284.66,284.67,200,200,100,100,600,100,2400,100,100,2600,300,100,100,100,200,100,100,100,100,100
41.0,283.96,29800,8464542.0,283.94,283.46,283.0,282.87,282.86,282.36,282.2,282.11,282.01,282.0,284.19,284.2,284.56,284.6,284.62,284.64,284.65,284.66,284.67,284.68,100,200,100,100,600,100,2400,100,100,2600,100,300,100,100,200,100,100,100,100,200
42.0,283.96,29800,8464542.0,283.94,283.46,283.0,282.87,282.86,282.36,282.2,282.11,282.01,282.0,284.19,284.2,284.56,284.6,284.62,284.64,284.65,284.66,284.67,284.68,100,200,100,100,600,100,2400,100,100,2600,100,300,100,100,200,100,100,100,100,200
43.0,284.05,31600,8975878.0,284.05,283.99,283.92,283.47,283.46,283.0,282.87,282.86,282.36,282.2,284.87,285.5,285.99,286.48,286.86,286.91,286.95,286.98,287.0,287.16,100,100,100,200,200,100,100,600,100,2400,500,100,100,400,100,200,100,300,600,100
44.0,284.05,31600,8975878.0,284.05,283.99,283.92,283.47,283.46,283.01,283.0,282.87,282.86,282.36,284.87,285.5,285.99,286.48,286.86,286.91,286.95,286.98,287.0,287.16,100,100,100,200,200,1000,100,100,600,100,500,100,100,400,100,200,100,300,600,100
45.0,284.05,31600,8975878.0,284.22,284.21,283.99,283.47,283.46,283.01,283.0,282.87,282.86,282.36,284.87,285.5,285.99,286.48,286.86,286.91,286.95,286.98,287.0,287.16,200,100,100,200,200,1000,100,100,600,100,500,100,100,400,100,200,100,300,600,100
46.0,284.87,32100,9118313.0,284.22,284.21,283.93,283.47,283.46,283.01,283.0,282.87,282.86,282.36,285.4,285.41,285.42,285.43,285.44,285.45,285.46,285.47,285.48,285.49,200,100,100,200,200,1000,100,100,600,100,200,200,200,300,200,200,200,200,200,200
47.0,284.22,32200,9146735.0,284.22,284.21,283.98,283.93,283.47,283.46,283.01,283.0,282.87,282.86,285.07,285.08,285.09,285.1,285.11,285.12,285.13,285.14,285.15,285.16,100,100,100,100,200,200,1000,100,100,600,200,200,200,200,200,200,300,200,200,200
48.0,284.21,32400,9203578.0,284.21,284.0,283.98,283.93,283.47,283.46,283.06,283.01,283.0,282.87,284.97,285.07,285.13,285.19,285.25,285.31,285.37,285.43,285.49,285.5,300,300,100,100,200,200,200,1000,100,100,100,100,100,100,100,100,100,100,100,100
49.0,284.21,32400,9203578.0,284.21,284.0,283.98,283.93,283.47,283.46,283.06,283.01,283.0,282.87,284.96,284.97,285.07,285.13,285.19,285.25,285.31,285.37,285.43,285.49,300,300,100,100,200,200,200,1000,200,100,100,200,100,100,100,100,100,100,100,100
50.0,284.96,32500,9232074.0,284.23,284.22,284.21,284.0,283.98,283.93,283.47,283.46,283.06,283.01,284.97,285.19,285.25,285.31,285.37,285.43,285.49,285.5,285.99,286.48,200,100,400,400,100,100,200,200,200,1000,200,100,100,100,100,100,100,100,100,400
51.0,284.97,32700,9289068.0,284.87,284.23,284.22,284.21,284.0,283.98,283.93,283.47,283.46,283.06,285.19,285.25,285.31,285.37,285.43,285.49,285.5,285.99,286.48,286.68,100,200,100,400,400,100,100,200,200,200,100,100,100,100,100,100,100,100,400,100
52.0,284.17,33700,9573341.0,284.26,284.25,284.24,284.23,284.22,284.21,284.2,284.19,284.18,284.17,285.25,285.31,285.37,285.43,285.49,285.5,285.99,286.48,286.68,286.86,200,200,300,200,200,200,100,200,200,1000,100,100,100,100,100,100,100,400,100,100
53.0,284.26,33800,9601767.0,284.43,284.42,284.41,284.4,284.39,284.38,284.37,284.36,284.35,284.33,285.19,285.37,285.43,285.49,285.5,285.99,286.48,286.68,286.86,286.91,100,200,200,200,200,200,200,100,100,100,100,100,100,100,100,100,400,100,100,200
54.0,284.26,33800,9601767.0,284.17,284.0,283.93,283.47,283.46,283.06,283.01,283.0,282.87,282.86,284.76,284.77,284.78,284.79,284.8,284.81,284.82,284.83,284.84,284.85,400,400,100,100,200,200,1000,200,100,600,200,300,100,100,100,200,100,100,100,100
55.0,284.26,33800,9601767.0,284.17,284.0,283.93,283.47,283.46,283.06,283.01,283.0,282.87,282.86,284.68,284.69,284.7,284.71,284.72,284.73,284.74,284.75,284.76,284.77,400,400,100,100,200,200,1000,300,100,600,100,100,100,100,100,100,100,100,200,300
56.0,284.26,33800,9601767.0,284.23,284.17,284.0,283.93,283.47,283.46,283.06,283.01,283.0,282.87,284.77,284.82,284.88,284.94,285.0,285.06,285.12,285.18,285.19,285.37,100,400,400,100,100,200,200,1000,300,100,200,300,100,100,100,100,100,100,100,100
57.0,284.26,33800,9601767.0,284.23,284.17,284.0,283.93,283.47,283.46,283.06,283.01,283.0,282.87,284.77,284.82,284.88,284.94,285.0,285.06,285.12,285.18,285.19,285.37,100,200,400,100,100,200,200,1000,300,100,200,300,100,100,100,100,100,100,100,100
58.0,284.23,33900,9630190.0,284.17,284.0,283.93,283.47,283.46,283.06,283.01,283.0,282.87,282.86,284.77,284.82,284.88,284.94,285.0,285.06,285.12,285.18,285.19,285.37,500,400,100,100,200,200,1000,300,100,600,200,300,100,100,100,100,100,100,100,100
59.0,284.23,33900,9630190.0,284.17,284.0,283.93,283.47,283.46,283.06,283.01,283.0,282.87,282.86,284.77,284.82,284.88,284.94,285.0,285.06,285.12,285.18,285.19,285.37,500,300,100,100,200,200,1000,300,100,600,200,100,100,100,100,100,100,100,100,100
60.0,284.23,33900,9630190.0,284.17,284.0,283.93,283.47,283.46,283.06,283.01,283.0,282.87,282.86,284.77,284.82,284.88,284.94,285.0,285.06,285.12,285.18,285.19,285.37,500,300,100,100,200,200,1000,300,100,600,200,100,100,100,100,100,100,100,100,100
61.0,284.23,33900,9630190.0,284.46,284.17,284.0,283.93,283.47,283.46,283.06,283.01,283.0,282.87,284.71,284.76,284.77,284.82,284.88,284.94,285.0,285.06,285.12,285.18,100,500,500,100,100,200,200,1000,300,100,100,200,200,100,100,100,100,100,100,100
62.0,284.77,34400,9772567.0,285.01,284.82,284.48,284.47,284.18,284.17,284.0,283.93,283.47,283.46,285.19,285.37,285.5,285.59,285.99,286.48,286.68,286.86,286.91,286.95,100,100,200,400,100,600,200,100,100,200,100,100,100,100,100,400,100,100,200,100
63.0,284.82,34700,9858051.0,284.48,284.47,284.18,284.17,284.0,283.93,283.47,283.46,283.06,283.01,285.19,285.37,285.5,285.59,285.99,286.48,286.68,286.86,286.91,286.95,200,400,100,600,200,100,100,200,200,1000,100,100,100,100,100,400,100,100,200,100
64.0,284.82,34700,9858051.0,284.83,284.48,284.47,284.22,284.18,284.17,284.0,283.93,283.47,283.46,285.18,285.19,285.37,285.5,285.59,285.99,286.48,286.68,286.86,286.91,200,200,200,100,100,600,200,100,100,200,100,300,100,100,100,100,400,100,100,200
65.0,284.82,34700,9858051.0,284.96,284.83,284.48,284.47,284.22,284.18,284.17,284.0,283.93,283.47,285.18,285.19,285.37,285.5,285.59,285.99,286.48,286.68,286.86,286.91,1200,200,200,200,100,100,600,200,100,100,200,300,100,100,100,100,400,100,100,200
66.0,284.82,34700,9858051.0,284.96,284.83,284.48,284.47,284.22,284.18,284.17,284.0,283.93,283.47,285.18,285.19,285.37,285.5,285.59,285.99,286.48,286.68,286.86,286.91,1200,200,200,200,100,100,600,200,100,100,200,300,100,100,100,100,400,100,100,200
67.0,284.96,34800,9886547.0,284.96,284.83,284.48,284.47,284.22,284.18,284.17,284.0,283.93,283.47,285.18,285.19,285.37,285.5,285.59,285.99,286.48,286.68,286.86,286.91,1100,200,200,200,100,100,600,200,100,100,200,300,100,100,100,100,400,100,100,200
68.0,284.96,35100,9972050.0,284.96,284.48,284.47,284.3,284.22,284.18,284.17,284.0,283.93,283.47,285.18,285.19,285.37,285.5,285.59,285.99,286.48,286.68,286.86,286.91,1200,200,200,300,100,100,600,200,100,100,200,300,100,100,100,100,400,100,100,200
69.0,284.96,35100,9972050.0,284.96,284.48,284.47,284.3,284.22,284.18,284.17,284.0,283.93,283.5,285.18,285.19,285.37,285.5,285.59,285.99,286.48,286.68,286.86,286.91,1200,200,200,300,100,100,600,200,100,1000,200,300,100,100,100,100,400,100,100,200
70.0,284.96,35100,9972050.0,284.96,284.48,284.47,284.3,284.22,284.18,284.17,284.0,283.93,283.5,285.18,285.19,285.5,285.59,285.99,286.48,286.68,286.86,286.91,286.95,1200,200,200,300,100,100,600,200,100,1000,100,300,100,100,100,400,100,100,200,100
71.0,284.96,35100,9972050.0,284.96,284.95,284.48,284.47,284.3,284.22,284.18,284.17,284.0,283.93,285.11,285.18,285.19,285.5,285.59,285.99,286.48,286.68,286.86,286.91,900,300,200,200,300,100,100,600,200,100,100,100,300,100,100,100,400,100,100,200
72.0,284.96,35100,9972050.0,284.96,284.95,284.48,284.47,284.3,284.22,284.18,284.17,284.0,283.93,285.11,285.18,285.19,285.5,285.59,285.99,286.48,286.68,286.86,286.91,900,300,200,200,300,100,100,600,200,100,100,100,300,100,100,100,400,100,100,200
73.0,284.96,35200,10000546.0,284.96,284.95,284.48,284.47,284.3,284.22,284.18,284.17,284.0,283.93,285.11,285.18,285.19,285.5,285.59,285.99,286.48,286.68,286.86,286.91,800,300,200,200,300,100,100,600,200,100,100,100,300,100,100,100,400,100,100,200
74.0,284.96,35200,10000546.0,284.96,284.95,284.48,284.47,284.3,284.22,284.18,284.17,284.0,283.93,285.11,285.18,285.19,285.5,285.59,285.99,286.48,286.68,286.86,286.91,800,300,200,200,300,100,100,600,200,100,100,100,300,100,100,100,400,100,100,200
75.0,285.19,35700,10143132.0,284.96,284.95,284.48,284.47,284.3,284.22,284.18,284.17,284.0,283.93,285.5,285.59,285.99,286.48,286.68,286.86,286.91,286.95,286.96,286.98,800,300,200,200,300,100,100,600,200,100,100,100,100,400,100,100,200,100,100,300
76.0,285.59,35900,10200241.0,284.98,284.97,284.96,284.95,284.48,284.47,284.22,284.18,284.17,284.0,285.99,286.48,286.68,286.86,286.91,286.95,286.96,286.98,287.0,287.16,100,100,800,300,200,200,100,100,600,200,100,400,100,100,200,100,100,300,600,100
77.0,285.5,36000,10228791.0,285.05,285.04,285.03,284.98,284.97,284.96,284.95,284.83,284.48,284.47,285.99,286.48,286.68,286.86,286.91,286.95,286.96,286.98,287.0,287.16,100,100,200,100,100,800,300,100,200,200,100,200,100,100,200,100,100,300,600,100
78.0,285.05,36100,10257296.0,285.06,285.03,284.98,284.96,284.95,284.83,284.48,284.47,284.18,284.17,285.81,285.82,285.83,285.84,285.85,285.86,285.87,285.88,285.89,285.9,100,200,100,800,300,100,200,200,100,600,200,100,100,100,200,200,300,200,200,200
79.0,285.06,36200,10285802.0,284.96,284.95,284.83,284.48,284.47,284.18,284.17,283.93,283.53,283.5,285.48,285.49,285.5,285.66,285.67,285.68,285.69,285.7,285.71,285.72,800,300,100,200,200,100,600,100,200,1000,100,200,200,100,100,100,200,100,100,100
80.0,284.83,37400,10627738.0,284.19,284.18,284.17,283.93,283.53,283.5,283.47,283.46,283.06,283.03,284.82,284.94,284.95,285.06,285.48,285.49,285.5,285.66,285.67,285.68,100,100,600,100,200,1000,100,200,200,100,100,100,500,1400,100,200,200,100,100,100
81.0,284.83,37400,10627738.0,284.2,284.19,284.18,284.17,283.93,283.53,283.5,283.47,283.46,283.06,284.95,285.06,285.48,285.49,285.5,285.66,285.67,285.68,285.69,285.7,100,100,100,600,100,200,1000,100,200,200,400,1400,100,200,200,100,100,100,200,100
82.0,284.83,37400,10627738.0,284.2,284.19,284.18,284.17,283.93,283.53,283.5,283.47,283.46,283.06,284.95,285.06,285.48,285.49,285.5,285.66,285.67,285.68,285.69,285.7,100,100,100,600,100,200,1000,100,200,200,400,1600,100,200,200,100,100,100,200,100
83.0,284.83,37400,10627738.0,284.21,284.2,284.18,284.17,283.93,283.53,283.5,283.47,283.46,283.06,284.91,285.05,285.06,285.48,285.49,285.5,285.66,285.67,285.68,285.69,100,100,100,600,100,200,1000,100,200,200,1000,100,400,100,200,200,100,100,100,200
84.0,284.91,37700,10713211.0,284.21,284.2,284.18,284.17,283.93,283.53,283.5,283.47,283.46,283.06,284.9,284.91,285.05,285.06,285.48,285.49,285.5,285.66,285.67,285.68,100,100,100,600,100,200,1000,100,200,200,100,700,100,400,100,200,200,100,100,100
85.0,284.91,37700,10713211.0,284.21,284.2,284.18,284.17,283.93,283.53,283.5,283.47,283.46,283.06,284.9,284.91,285.05,285.06,285.48,285.49,285.5,285.66,285.67,285.68,100,100,100,600,100,200,1000,100,200,200,100,700,100,400,100,200,200,100,100,100
86.0,284.91,37700,10713211.0,284.21,284.2,284.18,284.17,283.93,283.53,283.5,283.47,283.46,283.06,284.9,284.91,285.05,285.06,285.48,285.49,285.5,285.66,285.67,285.68,100,100,100,600,100,200,1100,100,200,200,100,700,100,400,100,200,200,100,100,100
87.0,284.21,37800,10741632.0,284.2,284.18,284.17,283.93,283.53,283.5,283.47,283.46,283.06,283.03,284.9,284.91,285.05,285.06,285.48,285.49,285.5,285.66,285.67,285.68,100,100,600,100,200,1100,100,200,200,100,100,700,100,400,100,200,200,100,100,100
88.0,284.2,38000,10798472.0,284.24,284.2,284.18,284.17,283.93,283.53,283.5,283.47,283.46,283.06,284.89,284.9,284.91,285.05,285.06,285.48,285.49,285.5,285.66,285.67,100,200,100,600,100,200,1100,100,200,200,100,100,700,100,400,100,200,200,100,100
89.0,284.2,38000,10798472.0,284.24,284.2,284.18,284.17,283.93,283.53,283.5,283.47,283.46,283.06,284.89,284.9,284.91,285.05,285.06,285.48,285.49,285.5,285.66,285.67,100,200,100,600,100,200,1100,100,200,200,100,100,700,100,400,100,200,200,100,100
90.0,284.2,38000,10798472.0,284.24,284.2,284.18,284.17,283.93,283.53,283.5,283.47,283.46,283.06,284.9,284.91,285.05,285.06,285.48,285.49,285.5,285.66,285.67,285.68,100,200,100,600,100,200,1100,100,200,200,100,700,100,400,100,200,200,100,100,100
91.0,284.2,38000,10798472.0,284.24,284.2,284.18,284.17,283.93,283.53,283.5,283.47,283.46,283.06,284.9,285.05,285.06,285.48,285.49,285.5,285.66,285.67,285.68,285.69,100,200,100,600,100,200,1100,100,200,200,100,100,400,100,200,200,100,100,100,200
92.0,284.2,38000,10798472.0,284.24,284.22,284.2,284.18,284.17,283.93,283.53,283.5,283.47,283.46,284.9,285.05,285.06,285.48,285.49,285.5,285.66,285.67,285.68,285.69,100,100,200,100,600,100,200,1100,100,200,100,100,400,100,200,200,100,100,100,200
93.0,284.23,38500,10940584.0,284.23,284.2,284.18,284.17,283.93,283.53,283.5,283.47,283.46,283.06,284.89,284.9,285.05,285.06,285.48,285.49,285.5,285.66,285.67,285.68,100,100,100,600,100,200,1100,100,200,200,100,100,100,400,100,200,200,100,100,100
94.0,284.89,38600,10969073.0,284.2,284.18,284.17,283.93,283.53,283.5,283.47,283.46,283.06,283.03,284.9,285.05,285.06,285.48,285.49,285.5,285.66,285.67,285.68,285.69,100,100,600,100,200,1100,100,200,200,100,100,100,400,100,200,200,100,100,100,200
95.0,284.17,39300,11168003.0,284.24,284.17,283.93,283.53,283.5,283.47,283.46,283.06,283.03,283.02,284.9,285.05,285.06,285.48,285.49,285.5,285.66,285.67,285.68,285.69,100,200,100,200,1100,100,200,200,100,100,100,100,400,100,200,200,100,100,100,200
96.0,284.17,39300,11168003.0,284.24,284.17,283.93,283.53,283.5,283.47,283.46,283.06,283.03,283.02,284.9,285.04,285.05,285.06,285.48,285.49,285.5,285.66,285.67,285.68,100,200,100,200,1100,100,200,200,100,100,100,100,100,400,100,200,200,100,100,100
97.0,284.17,39300,11168003.0,284.25,284.24,284.17,283.93,283.53,283.5,283.47,283.46,283.06,283.03,284.9,285.04,285.05,285.06,285.48,285.49,285.5,285.66,285.67,285.68,100,100,200,100,200,1100,100,200,200,100,100,100,100,400,100,200,200,100,100,100
98.0,284.25,39400,11196428.0,284.25,284.24,284.17,283.93,283.53,283.5,283.47,283.46,283.06,283.03,284.9,285.06,285.48,285.49,285.5,285.66,285.67,285.68,285.69,285.7,100,100,200,100,200,1100,100,200,700,100,100,400,100,200,200,100,100,100,200,100
99.0,284.25,39400,11196428.0,284.25,284.24,284.17,283.93,283.53,283.5,283.47,283.46,283.06,283.03,284.9,285.06,285.48,285.49,285.5,285.66,285.67,285.68,285.69,285.7,100,100,200,100,200,1100,100,200,700,100,100,400,100,200,200,100,100,100,200,100
100.0,284.24,39600,11253277.0,284.17,283.93,283.53,283.5,283.47,283.46,283.06,283.03,283.02,283.01,284.9,285.03,285.04,285.05,285.06,285.48,285.49,285.5,285.66,285.67,200,100,200,1100,100,200,700,100,100,100,100,100,100,100,400,100,200,200,100,100
101.0,284.24,39600,11253277.0,284.17,283.93,283.53,283.5,283.47,283.46,283.06,283.03,283.02,283.01,284.9,285.03,285.04,285.05,285.06,285.48,285.49,285.5,285.66,285.67,200,100,200,1100,100,200,700,100,100,100,100,100,300,100,400,100,200,200,100,100
102.0,284.9,39700,11281767.0,284.17,283.93,283.53,283.5,283.47,283.46,283.06,283.03,283.02,283.01,284.89,284.9,285.04,285.06,285.48,285.49,285.5,285.66,285.67,285.68,200,100,200,1100,100,200,700,100,100,100,100,100,300,400,100,200,200,100,100,100
103.0,284.24,40800,11594381.0,284.24,284.21,284.19,284.17,283.93,283.53,283.5,283.47,283.46,283.06,284.9,285.03,285.04,285.06,285.48,285.49,285.5,285.66,285.67,285.68,100,100,300,200,100,200,1100,100,200,700,100,100,300,400,100,200,200,100,100,100
104.0,284.24,40900,11622805.0,284.21,284.19,284.17,283.53,283.5,283.47,283.46,283.06,283.03,283.02,284.9,285.03,285.04,285.06,285.48,285.49,285.5,285.66,285.67,285.68,100,300,200,200,1100,100,200,700,100,100,100,100,300,400,200,200,200,100,100,100
105.0,284.24,40900,11622805.0,284.21,284.19,284.17,283.53,283.5,283.47,283.46,283.06,283.03,283.02,284.9,285.03,285.04,285.06,285.48,285.49,285.5,285.66,285.67,285.68,100,300,200,200,1100,100,200,700,100,100,100,100,300,400,200,200,200,100,100,100
106.0,284.24,40900,11622805.0,284.21,284.19,284.17,283.53,283.5,283.47,283.46,283.06,283.03,283.02,284.9,285.0,285.03,285.04,285.06,285.48,285.49,285.5,285.66,285.67,100,300,200,200,1100,100,200,700,100,100,100,100,100,300,400,200,200,200,100,100
107.0,284.21,41100,11679716.0,284.19,284.17,283.53,283.5,283.47,283.46,283.41,283.06,283.03,283.02,284.91,284.93,285.0,285.02,285.03,285.04,285.06,285.48,285.49,285.5,300,200,200,1100,100,200,200,700,100,100,100,100,200,100,200,300,400,200,200,200
108.0,284.91,41200,11708207.0,284.19,284.17,283.53,283.5,283.47,283.46,283.41,283.06,283.03,283.02,284.93,285.0,285.02,285.03,285.04,285.06,285.48,285.49,285.5,285.66,300,200,200,1100,100,200,200,700,100,100,200,100,100,200,300,400,200,200,200,100
109.0,284.91,41200,11708207.0,284.19,284.17,283.53,283.5,283.47,283.46,283.41,283.06,283.03,283.02,284.93,285.0,285.02,285.03,285.04,285.06,285.48,285.49,285.5,285.66,300,200,200,1100,100,200,200,700,100,100,200,100,100,100,300,400,200,200,200,100
110.0,284.91,41200,11708207.0,284.19,284.17,283.53,283.5,283.47,283.46,283.41,283.06,283.03,283.02,284.44,284.92,284.93,285.0,285.02,285.03,285.04,285.06,285.48,285.49,300,200,200,1100,100,200,200,700,100,100,100,100,200,100,100,100,300,400,200,200
111.0,284.91,41200,11708207.0,284.19,284.17,283.53,283.5,283.47,283.46,283.41,283.06,283.03,283.02,284.44,284.92,284.93,285.0,285.02,285.03,285.04,285.06,285.48,285.49,300,200,200,1100,100,200,200,700,100,100,100,100,200,100,100,100,300,400,200,200
112.0,284.91,41200,11708207.0,284.19,284.17,283.53,283.5,283.47,283.46,283.41,283.06,283.03,283.02,284.44,284.92,284.93,285.0,285.02,285.03,285.04,285.06,285.48,285.49,300,200,200,1100,100,200,200,700,100,100,100,100,200,100,100,100,300,400,200,200
113.0,284.19,41400,11765045.0,284.19,284.17,283.53,283.5,283.47,283.46,283.41,283.06,283.03,283.02,284.44,284.92,284.93,285.0,285.02,285.03,285.04,285.06,285.48,285.49,100,200,200,1100,100,200,200,700,100,100,200,100,200,100,100,100,300,300,200,200
114.0,284.17,41600,11821881.0,284.17,283.53,283.5,283.47,283.46,283.41,283.06,283.03,283.02,283.01,284.18,284.44,284.92,284.93,285.0,285.02,285.03,285.04,285.06,285.48,100,200,1100,100,200,200,700,100,100,100,100,200,100,200,100,100,200,300,300,200
115.0,284.17,41600,11821881.0,284.17,283.54,283.53,283.5,283.47,283.46,283.41,283.06,283.03,283.02,284.18,284.44,284.92,284.93,285.0,285.02,285.03,285.04,285.06,285.48,100,100,200,1100,100,200,200,700,100,100,100,200,100,200,100,100,200,300,300,200
116.0,284.17,41600,11821881.0,284.17,283.54,283.53,283.5,283.47,283.46,283.41,283.06,283.03,283.02,284.18,284.44,284.92,284.93,285.0,285.02,285.03,285.04,285.06,285.48,100,100,200,1100,100,200,200,700,100,100,200,100,100,200,100,100,200,300,300,200
117.0,284.18,41700,11850299.0,284.17,283.54,283.53,283.5,283.47,283.46,283.41,283.06,283.03,283.02,284.18,284.44,284.92,284.93,285.0,285.02,285.03,285.04,285.06,285.48,100,100,200,1000,100,200,200,700,100,100,100,100,100,200,100,100,200,300,300,200
118.0,284.17,41900,11907134.0,283.94,283.73,283.55,283.54,283.53,283.5,283.47,283.46,283.41,283.06,284.44,284.92,284.93,285.0,285.02,285.03,285.04,285.06,285.48,285.49,100,100,300,100,200,1000,100,200,200,700,100,100,200,100,100,200,300,300,200,200
119.0,284.17,41900,11907134.0,283.94,283.73,283.55,283.54,283.53,283.5,283.47,283.46,283.41,283.06,284.44,284.92,284.93,285.0,285.02,285.03,285.04,285.06,285.48,285.49,100,100,300,100,200,1000,100,200,200,700,100,100,200,100,100,200,300,300,200,200
120.0,284.17,41900,11907134.0,283.94,283.73,283.55,283.54,283.53,283.5,283.47,283.46,283.41,283.06,284.44,284.92,284.93,285.0,285.02,285.03,285.04,285.06,285.48,285.49,100,100,300,100,200,1000,100,200,200,700,100,100,200,100,100,200,300,300,200,200
121.0,284.17,42000,11935551.0,284.17,283.99,283.73,283.55,283.54,283.53,283.5,283.47,283.46,283.41,284.44,284.92,284.93,285.0,285.02,285.03,285.04,285.06,285.48,285.49,100,100,100,300,100,200,1000,100,200,200,100,100,200,100,100,200,300,300,200,200
122.0,284.17,42000,11935551.0,284.17,283.99,283.73,283.55,283.54,283.53,283.5,283.47,283.46,283.41,284.44,284.91,284.92,284.93,285.0,285.02,285.03,285.04,285.06,285.48,100,100,100,300,100,200,1000,100,200,200,100,100,100,200,100,100,200,300,300,200
123.0,284.44,42200,11992412.0,283.99,283.55,283.54,283.53,283.5,283.47,283.46,283.41,283.06,283.03,284.6,284.64,284.65,284.7,284.9,284.91,284.92,284.93,285.0,285.02,100,300,100,200,1000,100,200,200,700,100,100,100,100,200,100,100,100,200,100,100
124.0,284.44,42200,11992412.0,283.99,283.55,283.54,283.53,283.5,283.47,283.46,283.41,283.06,283.03,284.6,284.64,284.65,284.7,284.9,284.91,284.92,284.93,285.0,285.02,100,300,100,200,1000,100,200,200,700,100,100,100,100,200,100,100,100,200,100,100
125.0,284.44,42200,11992412.0,284.0,283.99,283.55,283.54,283.53,283.5,283.47,283.46,283.41,283.06,284.7,284.9,284.91,284.92,284.93,285.0,285.02,285.03,285.04,285.06,200,200,300,100,200,1000,100,200,200,700,100,100,100,100,200,100,100,200,300,300
126.0,284.44,42200,11992412.0,284.0,283.99,283.55,283.54,283.53,283.5,283.47,283.46,283.41,283.06,284.7,284.9,284.91,284.92,284.93,285.0,285.02,285.03,285.04,285.06,200,200,300,100,200,1000,100,200,200,700,100,100,100,100,200,100,100,200,300,300
127.0,284.0,42400,12049212.0,283.99,283.55,283.54,283.53,283.5,283.47,283.46,283.41,283.06,283.03,284.7,284.9,284.91,284.92,284.93,285.0,285.02,285.03,285.04,285.06,200,300,100,200,1000,100,200,200,700,100,100,100,100,100,200,100,100,200,300,300
128.0,283.99,42700,12134410.0,283.99,283.55,283.54,283.53,283.5,283.47,283.46,283.41,283.06,283.03,284.7,284.9,284.91,284.92,284.93,285.0,285.02,285.03,285.04,285.06,100,300,100,200,1000,100,200,200,700,100,100,100,100,100,200,100,100,200,300,300
129.0,283.99,42700,12134410.0,283.99,283.55,283.54,283.53,283.5,283.47,283.46,283.41,283.06,283.03,284.7,284.9,284.91,284.92,284.93,285.0,285.02,285.03,285.04,285.06,200,400,100,200,1000,100,200,200,700,100,100,100,100,100,200,100,100,200,300,300
130.0,283.99,42700,12134410.0,283.99,283.55,283.54,283.53,283.5,283.47,283.46,283.41,283.06,283.03,284.7,284.9,284.91,284.92,284.93,285.0,285.02,285.03,285.04,285.06,200,400,100,200,1000,100,200,200,700,100,100,100,100,100,200,100,100,200,300,300
131.0,283.99,42700,12134410.0,284.6,283.99,283.56,283.55,283.54,283.53,283.5,283.47,283.46,283.41,284.7,284.91,284.93,285.0,285.03,285.04,285.06,285.48,285.49,285.5,300,300,1000,300,100,200,1000,100,200,200,100,100,200,100,200,300,300,200,200,200
132.0,283.99,42700,12134410.0,284.6,283.99,283.56,283.55,283.54,283.53,283.5,283.47,283.46,283.41,284.7,284.91,284.93,285.0,285.03,285.04,285.06,285.48,285.49,285.5,300,300,1000,300,100,200,1000,100,200,200,100,100,200,100,200,300,300,200,200,200
133.0,284.6,42800,12162870.0,284.6,283.99,283.56,283.55,283.54,283.53,283.5,283.47,283.46,283.41,284.7,284.91,284.93,285.0,285.03,285.04,285.06,285.48,285.49,285.5,200,300,1000,300,100,200,1000,100,200,200,100,100,200,100,200,300,300,200,200,200
134.0,284.6,42800,12162870.0,284.6,284.0,283.99,283.56,283.55,283.54,283.53,283.5,283.47,283.46,284.63,284.7,284.91,284.93,285.0,285.03,285.04,285.06,285.48,285.49,300,100,300,1000,300,100,200,1000,100,200,100,100,100,200,100,200,100,300,200,200
135.0,284.6,42800,12162870.0,284.6,284.0,283.99,283.56,283.55,283.54,283.53,283.5,283.47,283.46,284.63,284.7,284.91,284.93,285.0,285.03,285.04,285.06,285.48,285.49,300,100,300,1000,300,100,200,1000,100,200,100,100,100,200,100,200,100,300,200,200
136.0,284.6,42800,12162870.0,284.6,284.0,283.99,283.56,283.55,283.54,283.53,283.5,283.47,283.46,284.63,284.7,284.91,284.93,285.0,285.03,285.04,285.06,285.48,285.49,300,100,300,1000,300,100,200,1000,100,200,100,100,100,200,100,200,100,300,200,200
137.0,284.6,42900,12191330.0,284.6,284.0,283.99,283.56,283.55,283.54,283.53,283.5,283.47,283.46,284.63,284.7,284.8,284.91,284.93,285.0,285.03,285.04,285.06,285.48,200,100,300,1000,300,100,200,1000,100,200,100,100,100,100,200,100,200,100,300,200
138.0,284.6,43200,12276710.0,284.1,284.0,283.99,283.56,283.55,283.54,283.53,283.5,283.47,283.46,284.59,284.63,284.73,284.8,284.91,284.93,285.0,285.03,285.04,285.06,100,100,300,1000,300,100,200,1000,100,200,100,200,100,100,100,200,100,200,100,300
139.0,284.6,43200,12276710.0,284.1,284.0,283.99,283.56,283.55,283.54,283.53,283.5,283.47,283.46,284.59,284.63,284.73,284.8,284.91,284.93,285.0,285.03,285.04,285.06,100,100,300,1000,300,100,200,1000,100,200,200,400,100,100,100,200,100,200,100,300
140.0,284.6,43200,12276710.0,284.1,284.0,283.99,283.56,283.55,283.53,283.5,283.47,283.46,283.41,284.59,284.63,284.73,284.8,284.91,284.93,285.0,285.03,285.04,285.06,100,100,300,1000,300,200,1000,100,200,200,200,400,100,100,100,200,100,200,100,300
141.0,284.6,43200,12276710.0,284.1,284.0,283.99,283.56,283.55,283.53,283.5,283.47,283.46,283.41,284.59,284.63,284.73,284.8,284.91,284.93,285.0,285.03,285.04,285.06,100,100,300,1000,300,200,1000,100,200,200,200,400,100,100,100,200,100,200,100,300
142.0,284.6,43200,12276710.0,284.1,284.0,283.99,283.56,283.55,283.53,283.5,283.47,283.46,283.41,284.59,284.63,284.73,284.91,284.93,285.0,285.03,285.04,285.06,285.48,100,200,400,1000,300,200,1000,100,200,200,200,200,100,100,200,100,200,100,300,200
143.0,284.09,43400,12333529.0,284.0,283.99,283.58,283.56,283.55,283.53,283.5,283.47,283.46,283.41,284.58,284.59,284.63,284.73,284.91,284.93,285.0,285.03,285.04,285.06,200,400,100,1000,300,200,1000,100,200,200,100,200,200,100,100,200,100,200,100,300
144.0,284.09,43400,12333529.0,284.0,283.99,283.58,283.56,283.55,283.53,283.5,283.47,283.46,283.41,284.58,284.59,284.63,284.73,284.91,284.93,285.0,285.03,285.04,285.06,200,400,100,1000,300,200,1000,100,200,200,100,200,200,100,100,200,100,200,100,300
145.0,284.05,44500,12646004.0,284.06,284.0,283.99,283.58,283.56,283.55,283.53,283.5,283.47,283.46,284.58,284.59,284.63,284.73,284.91,284.93,285.0,285.03,285.04,285.06,100,200,400,100,1000,300,200,1000,100,200,100,200,200,100,100,200,100,200,100,300
146.0,284.05,44500,12646004.0,284.06,284.0,283.99,283.58,283.56,283.55,283.53,283.47,283.46,283.41,284.58,284.59,284.63,284.73,284.91,284.93,285.0,285.03,285.04,285.06,100,200,400,100,1000,300,200,100,200,200,100,200,200,100,100,200,100,200,100,300
147.0,284.05,44500,12646004.0,284.06,284.0,283.99,283.58,283.56,283.55,283.53,283.47,283.46,283.41,284.58,284.59,284.63,284.73,284.91,284.93,285.0,285.03,285.04,285.06,100,200,400,100,1000,300,200,100,200,200,100,200,200,100,100,200,100,200,100,300
148.0,284.05,44500,12646004.0,284.06,284.0,283.99,283.58,283.56,283.55,283.53,283.47,283.46,283.41,284.14,284.58,284.59,284.63,284.73,284.91,284.93,285.0,285.03,285.04,100,200,400,100,1000,300,200,100,200,200,200,100,200,200,100,100,200,100,200,100
149.0,284.06,44600,12674410.0,284.0,283.99,283.58,283.56,283.55,283.53,283.47,283.46,283.41,283.06,284.14,284.58,284.59,284.63,284.73,284.91,284.93,285.0,285.03,285.04,200,400,100,1000,300,200,100,200,200,700,200,100,200,200,100,100,200,100,200,100
150.0,284.06,44600,12674410.0,284.0,283.99,283.58,283.56,283.55,283.53,283.47,283.46,283.41,283.06,284.14,284.58,284.59,284.63,284.73,284.91,284.93,285.0,285.03,285.04,200,400,100,1000,300,200,100,200,200,700,200,100,200,200,100,100,200,100,200,100
151.0,284.06,44600,12674410.0,284.0,283.99,283.58,283.56,283.55,283.53,283.47,283.46,283.41,283.06,284.14,284.58,284.59,284.63,284.73,284.91,284.93,285.0,285.03,285.04,200,400,100,1000,300,200,100,200,200,700,200,100,200,200,100,100,200,100,200,100
152.0,284.06,44600,12674410.0,284.0,283.99,283.9,283.58,283.56,283.55,283.53,283.47,283.46,283.41,284.14,284.58,284.59,284.63,284.91,284.93,285.0,285.03,285.04,285.06,200,400,100,100,1000,300,200,100,200,200,200,100,200,200,100,200,100,200,100,300
153.0,284.0,44800,12731210.0,283.99,283.9,283.58,283.56,283.55,283.53,283.47,283.46,283.41,283.06,284.14,284.58,284.59,284.63,284.91,284.93,285.0,285.03,285.04,285.06,300,100,100,1000,200,200,100,200,200,700,200,100,100,200,100,200,100,200,100,300
154.0,283.99,45100,12816407.0,283.9,283.58,283.56,283.55,283.53,283.47,283.46,283.41,283.06,283.03,283.99,284.14,284.58,284.63,284.91,284.93,285.0,285.03,285.04,285.06,100,100,1000,200,200,100,200,200,700,100,300,200,100,200,100,200,100,200,100,300
155.0,283.99,45300,12873196.0,283.58,283.56,283.55,283.53,283.47,283.46,283.41,283.06,283.03,283.02,283.99,284.14,284.58,284.63,284.91,284.93,285.0,285.03,285.04,285.06,200,1000,200,200,100,200,200,700,100,100,200,300,100,200,100,200,100,200,100,300
156.0,283.99,45300,12873196.0,283.58,283.56,283.55,283.53,283.47,283.46,283.41,283.06,283.03,283.02,283.99,284.14,284.58,284.63,284.91,284.93,285.0,285.03,285.04,285.06,200,1000,200,200,100,200,200,700,100,100,200,300,100,200,100,200,100,200,100,300
157.0,283.99,45300,12873196.0,283.58,283.56,283.55,283.53,283.47,283.46,283.41,283.06,283.03,283.02,283.99,284.14,284.58,284.6,284.63,284.91,284.93,285.0,285.03,285.04,200,1000,200,200,100,200,200,700,100,100,200,300,100,100,200,100,200,100,200,100
158.0,283.58,45400,12901554.0,283.58,283.56,283.55,283.53,283.47,283.46,283.41,283.06,283.03,283.02,283.89,283.99,284.14,284.58,284.6,284.63,284.91,284.93,285.0,285.03,100,1000,200,200,100,200,200,700,100,100,100,200,300,100,100,200,100,200,100,200
159.0,283.58,45400,12901554.0,283.58,283.56,283.55,283.53,283.47,283.46,283.41,283.06,283.03,283.02,283.89,283.99,284.14,284.58,284.6,284.63,284.91,284.93,285.0,285.03,100,1000,200,200,100,200,200,700,100,100,100,200,300,100,100,200,100,200,100,200
160.0,283.99,45600,12958342.0,283.58,283.56,283.55,283.53,283.47,283.46,283.41,283.06,283.03,283.02,283.99,284.0,284.14,284.58,284.6,284.63,284.91,284.93,285.0,285.03,100,1000,200,200,100,200,200,700,100,100,100,100,300,100,100,200,100,200,100,200
161.0,283.99,45600,12958342.0,283.58,283.56,283.55,283.53,283.47,283.46,283.41,283.06,283.03,283.02,283.99,284.0,284.14,284.58,284.6,284.63,284.91,284.93,285.0,285.03,100,1000,200,200,100,200,200,700,100,100,100,100,300,100,100,200,100,200,100,200
162.0,283.57,45800,13015057.0,283.56,283.55,283.53,283.47,283.41,283.06,283.03,283.02,283.01,283.0,283.99,284.0,284.14,284.58,284.6,284.63,284.91,284.93,285.0,285.03,1000,200,200,100,200,700,100,100,100,700,100,100,300,100,100,200,100,200,100,200
163.0,283.57,45800,13015057.0,283.56,283.55,283.53,283.47,283.41,283.06,283.03,283.02,283.01,283.0,283.57,283.93,283.99,284.0,284.14,284.58,284.6,284.63,284.91,284.93,1000,200,200,100,200,700,100,100,100,800,200,100,100,100,200,100,100,200,100,200
164.0,283.57,45900,13043414.0,283.56,283.55,283.53,283.47,283.41,283.06,283.03,283.02,283.01,283.0,283.57,283.93,283.95,283.99,284.0,284.14,284.58,284.6,284.63,284.91,1000,200,200,100,200,700,100,100,100,800,200,100,100,100,100,300,100,100,200,100
165.0,283.57,46000,13071771.0,283.56,283.55,283.53,283.47,283.41,283.06,283.03,283.02,283.01,283.0,283.57,283.93,283.95,283.99,284.0,284.14,284.58,284.6,284.63,284.91,1000,200,200,100,200,700,100,100,100,800,100,100,100,100,100,300,100,100,200,100
166.0,283.57,46000,13071771.0,283.56,283.55,283.53,283.47,283.41,283.06,283.03,283.02,283.01,283.0,283.57,283.93,283.95,283.99,284.0,284.14,284.58,284.6,284.63,284.91,1000,200,200,100,200,700,100,100,100,800,100,100,100,100,100,300,100,100,200,100
167.0,283.56,46600,13241907.0,283.56,283.55,283.53,283.47,283.41,283.06,283.03,283.02,283.01,283.0,283.57,283.93,283.99,284.0,284.14,284.58,284.6,284.63,284.91,284.93,400,200,200,100,200,700,100,100,100,800,100,100,100,100,300,100,100,200,100,200
168.0,283.56,46800,13298620.0,283.56,283.55,283.53,283.41,283.06,283.03,283.02,283.01,283.0,282.88,283.99,284.0,284.14,284.58,284.6,284.63,284.91,284.93,285.0,285.03,400,300,200,200,700,100,100,100,800,100,100,100,300,100,100,200,100,200,100,200
169.0,283.56,47100,13383688.0,283.61,283.56,283.55,283.53,283.41,283.06,283.03,283.02,283.01,283.0,283.99,284.0,284.13,284.14,284.58,284.6,284.63,284.91,284.93,285.0,200,100,300,200,200,700,100,100,100,800,100,100,100,300,100,100,200,100,200,100
170.0,283.56,47100,13383688.0,283.61,283.56,283.55,283.53,283.41,283.06,283.03,283.02,283.01,283.0,283.94,283.99,284.0,284.13,284.14,284.58,284.6,284.63,284.91,284.93,200,100,300,200,200,700,100,100,100,800,100,100,100,100,300,100,100,200,100,200
171.0,283.56,47100,13383688.0,283.61,283.56,283.55,283.53,283.41,283.06,283.03,283.02,283.01,283.0,283.94,283.99,284.0,284.13,284.14,284.58,284.6,284.63,284.91,284.93,200,100,300,200,200,700,100,100,100,600,100,100,100,100,300,100,100,200,100,200
172.0,283.61,47200,13412049.0,283.61,283.56,283.55,283.53,283.41,283.06,283.03,283.02,283.01,283.0,283.94,283.99,284.0,284.13,284.14,284.58,284.6,284.63,284.91,284.93,100,100,300,200,200,700,100,100,100,600,100,100,100,100,300,100,100,200,100,200
173.0,283.61,47300,13440410.0,283.6,283.56,283.55,283.53,283.41,283.06,283.03,283.02,283.01,283.0,283.93,283.94,283.99,284.0,284.13,284.14,284.58,284.6,284.63,284.91,200,100,100,200,200,700,100,100,100,600,100,100,100,100,100,300,100,100,200,100
174.0,283.61,47300,13440410.0,283.6,283.56,283.55,283.53,283.41,283.06,283.03,283.02,283.01,283.0,283.93,283.94,283.99,284.0,284.13,284.14,284.58,284.6,284.63,284.91,200,100,100,200,200,700,100,100,100,700,100,100,100,100,100,300,100,100,200,100
175.0,283.53,47900,13610547.0,283.41,283.06,283.03,283.02,283.01,283.0,282.88,282.86,282.59,282.36,283.51,283.93,283.94,283.99,284.0,284.13,284.14,284.58,284.6,284.63,200,700,100,100,100,700,100,600,100,100,400,100,100,100,100,100,300,100,100,200
176.0,283.51,48100,13667249.0,283.41,283.06,283.03,283.02,283.01,283.0,282.88,282.86,282.59,282.36,283.51,283.6,283.71,283.93,283.99,284.0,284.13,284.14,284.58,284.6,200,700,100,100,100,700,100,600,100,100,200,400,100,100,100,100,100,300,100,100
177.0,283.51,48200,13695600.0,283.41,283.06,283.03,283.02,283.01,283.0,282.88,282.86,282.59,282.36,283.51,283.6,283.71,283.93,283.99,284.0,284.13,284.14,284.58,284.6,200,700,100,100,100,800,100,600,100,100,100,400,100,100,100,100,100,300,100,100
178.0,283.51,48200,13695600.0,283.41,283.06,283.03,283.02,283.01,283.0,282.88,282.86,282.59,282.36,283.51,283.6,283.71,283.93,283.99,284.0,284.13,284.14,284.58,284.6,200,700,100,100,100,800,100,600,100,100,100,400,100,100,100,100,100,300,100,100
179.0,283.51,48300,13723951.0,283.41,283.06,283.03,283.02,283.01,283.0,282.88,282.86,282.59,282.36,283.59,283.6,283.93,283.99,284.0,284.13,284.14,284.58,284.6,284.63,200,700,100,100,100,800,100,600,100,100,100,200,100,100,100,100,300,100,100,200
180.0,283.51,48300,13723951.0,283.41,283.06,283.03,283.02,283.01,283.0,282.88,282.86,282.59,282.36,283.59,283.6,283.93,283.99,284.0,284.13,284.14,284.58,284.6,284.63,200,700,100,100,100,800,100,600,100,100,100,200,100,100,100,100,300,100,100,200
181.0,283.6,48600,13809030.0,283.59,283.56,283.41,283.06,283.03,283.02,283.01,283.0,282.88,282.86,283.93,283.99,284.0,284.13,284.14,284.58,284.6,284.63,284.91,284.93,200,1000,200,700,100,100,100,1000,100,600,100,100,100,100,300,100,100,200,100,200
182.0,283.6,48600,13809030.0,283.59,283.56,283.5,283.41,283.06,283.03,283.02,283.01,283.0,282.88,283.93,283.99,284.0,284.13,284.14,284.58,284.6,284.63,284.91,284.93,200,1000,100,200,700,100,100,100,1100,100,100,100,100,100,300,100,100,200,100,200
183.0,283.6,48600,13809030.0,283.61,283.6,283.59,283.56,283.5,283.41,283.06,283.03,283.02,283.01,283.93,283.99,284.0,284.13,284.14,284.58,284.6,284.63,284.91,284.93,200,200,200,1000,100,200,700,100,100,100,100,100,100,100,300,100,100,200,100,200
184.0,283.6,48600,13809030.0,283.61,283.6,283.59,283.56,283.5,283.41,283.06,283.03,283.02,283.01,283.93,283.99,284.0,284.13,284.14,284.58,284.6,284.63,284.91,284.93,200,200,200,1000,100,200,700,100,100,100,100,100,100,100,300,100,100,200,100,200
185.0,283.93,48700,13837423.0,283.61,283.6,283.59,283.56,283.5,283.41,283.06,283.03,283.02,283.01,283.99,284.0,284.14,284.58,284.6,284.63,284.91,284.93,284.99,285.0,200,200,200,1000,100,200,700,100,100,100,100,100,300,100,100,200,100,200,100,100
186.0,283.93,48700,13837423.0,283.61,283.6,283.59,283.56,283.5,283.41,283.06,283.03,283.02,283.01,283.99,284.0,284.14,284.58,284.6,284.63,284.91,284.93,284.99,285.0,200,200,200,1000,100,200,700,100,100,100,100,100,300,100,100,200,100,200,100,100
187.0,283.93,48700,13837423.0,283.62,283.61,283.6,283.59,283.56,283.5,283.41,283.06,283.03,283.02,283.99,284.0,284.14,284.58,284.6,284.63,284.91,284.93,284.99,285.0,100,200,200,300,1000,100,200,700,100,100,100,100,300,100,100,200,100,200,100,100
188.0,283.62,48900,13894184.0,283.61,283.6,283.59,283.56,283.5,283.41,283.06,283.03,283.02,283.01,284.0,284.14,284.58,284.6,284.63,284.91,284.93,284.99,285.0,285.03,200,200,300,1000,100,200,700,100,100,100,100,300,100,100,200,100,200,100,100,200
189.0,283.62,48900,13894184.0,283.61,283.6,283.59,283.56,283.5,283.41,283.06,283.03,283.02,283.01,284.0,284.14,284.58,284.6,284.63,284.91,284.93,284.99,285.0,285.03,200,200,300,1000,100,200,700,100,100,100,100,400,100,100,200,100,200,100,100,200
190.0,283.62,48900,13894184.0,283.61,283.6,283.59,283.56,283.5,283.41,283.06,283.03,283.02,283.01,284.0,284.13,284.14,284.58,284.6,284.63,284.91,284.93,284.99,285.0,200,200,100,1000,100,200,700,100,100,100,100,100,400,100,100,200,100,200,100,100
191.0,283.62,48900,13894184.0,283.61,283.6,283.59,283.56,283.5,283.41,283.06,283.03,283.02,283.01,284.0,284.13,284.14,284.58,284.6,284.63,284.91,284.93,284.99,285.0,200,200,100,1000,100,200,700,100,100,100,100,100,400,100,100,200,100,200,100,100
192.0,283.62,48900,13894184.0,283.61,283.6,283.59,283.56,283.5,283.41,283.06,283.03,283.02,283.01,284.0,284.13,284.14,284.58,284.6,284.63,284.91,284.93,284.99,285.0,200,200,100,1000,100,200,700,100,100,100,100,100,400,100,100,200,100,200,100,100
193.0,283.61,49100,13950906.0,283.6,283.59,283.56,283.5,283.41,283.06,283.03,283.02,283.01,283.0,284.0,284.14,284.58,284.6,284.63,284.91,284.93,284.99,285.0,285.03,200,100,1000,100,200,700,100,100,100,1300,100,400,100,100,200,100,200,100,100,200
194.0,283.61,49100,13950906.0,283.67,283.62,283.61,283.6,283.59,283.56,283.5,283.41,283.06,283.03,284.0,284.14,284.58,284.6,284.63,284.91,284.93,284.99,285.0,285.03,100,100,100,300,100,1000,100,200,700,100,100,400,100,100,200,100,200,100,100,200
195.0,284.0,49200,13979306.0,283.67,283.62,283.61,283.6,283.59,283.56,283.5,283.41,283.06,283.03,284.14,284.58,284.6,284.63,284.91,284.93,284.99,285.0,285.03,285.04,100,100,100,300,100,1000,100,200,700,100,400,100,100,200,100,200,100,100,200,100
196.0,284.0,49200,13979306.0,283.67,283.62,283.61,283.6,283.59,283.56,283.5,283.41,283.06,283.03,284.14,284.58,284.6,284.63,284.91,284.93,284.99,285.0,285.03,285.04,100,100,100,300,100,1000,100,200,700,100,400,100,100,200,100,200,100,100,200,100
197.0,284.0,49200,13979306.0,283.68,283.67,283.62,283.61,283.6,283.59,283.56,283.5,283.41,283.06,284.14,284.58,284.6,284.63,284.91,284.93,284.99,285.0,285.03,285.04,100,100,100,100,300,100,1000,100,200,700,400,100,100,200,100,200,100,100,200,100
198.0,283.67,49400,14036041.0,283.62,283.61,283.6,283.59,283.56,283.5,283.41,283.06,283.03,283.02,284.14,284.58,284.6,284.63,284.91,284.93,284.99,285.0,285.03,285.04,100,100,300,100,1000,200,200,700,100,100,400,100,100,200,100,200,100,100,200,100
199.0,283.67,49400,14036041.0,283.62,283.61,283.6,283.59,283.56,283.5,283.41,283.06,283.03,283.02,284.14,284.58,284.6,284.63,284.91,284.93,284.99,285.0,285.03,285.04,100,100,300,100,1000,200,200,700,100,100,400,100,100,200,100,200,100,100,200,100
200.0,283.67,49500,14064408.0,283.67,283.62,283.6,283.59,283.56,283.5,283.41,283.06,283.03,283.02,284.14,284.58,284.6,284.63,284.91,284.93,284.99,285.0,285.03,285.04,200,100,300,100,1000,200,200,700,100,100,400,100,100,200,100,200,100,100,200,100
201.0,283.67,49500,14064408.0,283.68,283.67,283.62,283.6,283.59,283.56,283.5,283.41,283.06,283.03,284.14,284.58,284.6,284.63,284.91,284.93,284.99,285.0,285.03,285.04,100,100,300,300,100,1000,100,200,700,100,400,100,100,200,100,200,100,100,200,100
202.0,283.67,49500,14064408.0,283.68,283.67,283.62,283.6,283.59,283.56,283.5,283.41,283.06,283.03,284.14,284.58,284.6,284.63,284.91,284.93,284.99,285.0,285.03,285.04,100,100,300,300,100,1000,100,200,700,100,400,100,100,200,100,200,100,100,200,100
203.0,283.67,49500,14064408.0,283.68,283.67,283.62,283.6,283.59,283.56,283.5,283.41,283.06,283.03,284.13,284.14,284.58,284.6,284.63,284.91,284.93,284.99,285.0,285.03,100,100,300,300,100,1000,100,200,700,100,100,400,100,100,200,100,200,100,100,200
204.0,283.68,49600,14092776.0,283.67,283.62,283.6,283.59,283.56,283.5,283.41,283.06,283.03,283.02,284.13,284.14,284.58,284.6,284.63,284.91,284.93,284.99,285.0,285.03,100,300,300,100,1000,100,200,700,100,100,100,400,100,100,200,100,200,100,100,200
205.0,283.68,49600,14092776.0,283.67,283.62,283.6,283.59,283.56,283.5,283.41,283.06,283.03,283.02,284.13,284.14,284.58,284.6,284.63,284.91,284.93,284.99,285.0,285.03,100,300,300,100,1000,100,200,700,100,100,200,400,100,100,200,100,200,100,100,200
206.0,283.68,49600,14092776.0,283.67,283.62,283.6,283.59,283.56,283.5,283.41,283.06,283.03,283.02,283.98,284.13,284.14,284.58,284.6,284.63,284.91,284.93,284.99,285.0,100,300,300,100,1000,100,200,700,100,100,100,200,400,100,100,100,100,200,100,100
207.0,283.68,49600,14092776.0,283.67,283.62,283.6,283.59,283.56,283.5,283.41,283.06,283.03,283.02,283.98,284.13,284.14,284.58,284.6,284.63,284.91,284.93,284.99,285.0,100,300,300,100,1000,100,200,700,100,100,100,200,400,100,100,100,100,200,100,100
208.0,283.68,49600,14092776.0,283.67,283.62,283.6,283.59,283.56,283.5,283.41,283.3,283.06,283.03,283.98,284.13,284.14,284.58,284.6,284.63,284.91,284.93,284.99,285.0,100,300,300,100,1000,100,200,100,700,100,100,200,400,100,100,100,100,200,100,100
209.0,283.68,49600,14092776.0,283.68,283.67,283.62,283.6,283.59,283.56,283.5,283.41,283.3,283.06,283.77,283.98,284.13,284.14,284.58,284.6,284.63,284.91,284.93,284.99,100,100,300,300,100,1000,100,200,100,700,100,100,200,400,100,100,100,100,200,100
210.0,283.68,49600,14092776.0,283.68,283.67,283.62,283.6,283.59,283.56,283.5,283.41,283.3,283.06,283.77,283.98,284.13,284.14,284.58,284.6,284.63,284.91,284.93,284.99,200,100,300,300,100,1000,200,200,100,700,100,100,200,400,100,100,100,100,200,100
211.0,283.68,49600,14092776.0,283.68,283.67,283.65,283.62,283.6,283.59,283.5,283.41,283.3,283.06,283.77,283.98,284.13,284.14,284.58,284.6,284.63,284.91,284.93,284.99,200,100,100,300,300,100,200,200,100,700,200,100,200,300,100,100,100,100,200,100
212.0,283.77,49800,14149530.0,283.68,283.67,283.65,283.62,283.6,283.59,283.5,283.41,283.3,283.28,284.13,284.14,284.58,284.6,284.63,284.91,284.93,284.99,285.0,285.03,200,100,100,300,300,100,200,200,100,100,200,300,100,100,100,100,200,100,100,200
213.0,283.68,50000,14206266.0,283.68,283.67,283.65,283.62,283.6,283.59,283.5,283.41,283.3,283.28,284.13,284.14,284.58,284.6,284.63,284.91,284.93,284.99,285.0,285.03,100,100,100,300,300,100,200,200,100,100,200,300,100,100,100,100,200,100,100,200
214.0,283.68,50100,14234634.0,283.83,283.68,283.67,283.65,283.62,283.6,283.59,283.5,283.41,283.3,284.13,284.14,284.58,284.6,284.63,284.91,284.93,284.99,285.0,285.03,100,100,100,100,300,300,100,200,200,100,200,300,100,100,100,100,200,100,100,200
215.0,283.83,50200,14263017.0,283.68,283.67,283.65,283.62,283.6,283.59,283.5,283.41,283.3,283.28,283.98,284.13,284.14,284.58,284.6,284.63,284.91,284.93,284.99,285.0,100,100,100,300,300,100,200,200,100,100,100,200,300,100,100,100,100,200,100,100
216.0,283.83,50200,14263017.0,283.68,283.67,283.65,283.62,283.6,283.59,283.5,283.41,283.3,283.28,283.98,284.13,284.14,284.58,284.6,284.63,284.91,284.93,284.99,285.0,100,100,100,300,300,100,300,200,100,100,100,200,300,100,100,100,100,200,100,100
217.0,283.83,50200,14263017.0,283.68,283.67,283.65,283.62,283.6,283.59,283.5,283.41,283.3,283.28,283.98,284.13,284.14,284.58,284.6,284.63,284.91,284.93,284.99,285.0,100,100,100,300,300,100,300,200,100,100,100,200,300,100,100,100,100,200,100,100
218.0,283.68,50300,14291385.0,283.67,283.65,283.62,283.6,283.59,283.5,283.41,283.3,283.28,283.06,283.98,284.13,284.14,284.58,284.6,284.63,284.91,284.93,284.99,285.0,100,100,300,300,100,300,200,100,100,700,100,200,300,100,100,100,100,200,100,100
219.0,283.68,50300,14291385.0,283.67,283.65,283.62,283.6,283.59,283.5,283.41,283.3,283.28,283.06,283.98,284.13,284.14,284.58,284.6,284.63,284.91,284.93,284.99,285.0,100,100,300,300,100,200,200,100,100,700,100,200,300,100,100,100,100,200,100,100
220.0,283.68,50300,14291385.0,283.67,283.65,283.62,283.6,283.59,283.5,283.41,283.3,283.28,283.06,283.98,284.13,284.14,284.58,284.6,284.63,284.91,284.93,284.99,285.0,100,100,300,300,100,200,200,100,100,700,100,200,300,100,100,100,100,200,100,100
221.0,283.68,50300,14291385.0,283.67,283.65,283.62,283.6,283.59,283.5,283.41,283.3,283.28,283.06,283.98,284.13,284.14,284.58,284.63,284.91,284.93,284.99,285.0,285.03,200,100,300,300,100,200,200,100,100,700,100,200,300,100,100,100,200,100,100,200
222.0,283.68,50300,14291385.0,283.67,283.65,283.62,283.6,283.59,283.5,283.41,283.3,283.28,283.06,283.98,284.13,284.14,284.58,284.63,284.91,284.93,284.99,285.0,285.03,200,100,300,300,100,200,200,100,100,700,100,200,300,100,100,100,200,100,100,200
223.0,283.69,50500,14348122.0,283.68,283.67,283.65,283.62,283.6,283.59,283.5,283.41,283.3,283.28,283.98,284.13,284.14,284.58,284.63,284.91,284.93,284.99,285.0,285.03,500,100,100,300,300,100,200,200,100,100,100,200,300,100,100,100,200,100,100,200
224.0,283.68,50600,14376490.0,283.69,283.68,283.65,283.62,283.6,283.59,283.5,283.41,283.3,283.28,283.98,284.13,284.14,284.58,284.63,284.91,284.93,284.99,285.0,285.03,100,300,100,300,300,100,200,200,100,100,100,200,300,100,100,100,200,100,100,200
225.0,283.68,50600,14376490.0,283.69,283.68,283.65,283.62,283.6,283.59,283.5,283.41,283.3,283.28,283.98,284.13,284.14,284.58,284.63,284.91,284.93,284.99,285.0,285.03,100,300,100,300,300,100,200,200,100,100,100,200,300,100,100,100,200,100,100,200
226.0,283.68,50600,14376490.0,283.69,283.68,283.65,283.62,283.6,283.59,283.5,283.41,283.3,283.28,283.98,284.13,284.14,284.58,284.63,284.91,284.93,284.99,285.0,285.03,100,300,100,300,300,100,200,200,100,100,100,200,300,100,100,100,200,100,100,200
227.0,283.68,50600,14376490.0,283.69,283.68,283.65,283.62,283.6,283.59,283.5,283.41,283.3,283.28,283.98,284.13,284.14,284.58,284.63,284.91,284.93,284.99,285.0,285.03,100,300,100,300,300,100,200,200,100,100,100,200,300,100,100,100,200,100,100,200
228.0,283.69,50700,14404859.0,283.68,283.65,283.62,283.6,283.59,283.5,283.41,283.3,283.28,283.06,283.98,284.13,284.14,284.58,284.63,284.91,284.93,284.99,285.0,285.03,300,100,300,300,100,200,200,100,100,700,100,200,300,100,100,100,200,100,100,200
229.0,283.69,50700,14404859.0,283.68,283.65,283.62,283.6,283.59,283.5,283.41,283.3,283.28,283.06,283.98,284.13,284.14,284.58,284.63,284.91,284.93,284.99,285.0,285.03,500,100,300,300,100,200,200,100,100,700,100,200,300,100,100,100,200,100,100,200
230.0,283.69,50700,14404859.0,283.69,283.68,283.65,283.62,283.6,283.59,283.5,283.41,283.3,283.28,283.98,284.13,284.14,284.58,284.63,284.91,284.93,284.99,285.0,285.03,100,400,100,300,300,100,200,200,100,100,100,200,300,100,100,100,200,100,100,200
231.0,283.69,50700,14404859.0,283.69,283.68,283.66,283.65,283.62,283.6,283.59,283.5,283.41,283.3,283.98,284.13,284.14,284.58,284.63,284.91,284.93,284.99,285.0,285.03,100,400,1000,100,300,300,100,200,200,100,100,200,300,100,100,100,200,100,100,200
232.0,283.69,50700,14404859.0,283.69,283.68,283.66,283.65,283.62,283.6,283.59,283.5,283.41,283.3,283.98,284.13,284.14,284.58,284.63,284.91,284.93,284.99,285.0,285.03,100,400,1000,100,300,300,100,200,200,100,100,200,300,100,100,100,200,100,100,200
233.0,283.69,50800,14433228.0,283.69,283.68,283.66,283.65,283.62,283.6,283.59,283.5,283.41,283.3,283.97,283.98,284.13,284.14,284.63,284.91,284.93,284.99,285.0,285.03,100,300,1000,100,300,300,100,200,200,100,200,100,200,300,100,100,200,100,100,200
234.0,284.13,51200,14546833.0,284.05,283.98,283.97,283.71,283.7,283.69,283.68,283.66,283.65,283.62,284.13,284.14,284.63,284.91,284.93,284.99,285.0,285.03,285.04,285.06,100,100,400,100,200,100,300,1000,100,300,100,300,100,100,200,100,100,200,100,200
235.0,284.13,51200,14546833.0,284.05,283.98,283.97,283.71,283.7,283.69,283.68,283.66,283.65,283.62,284.13,284.14,284.63,284.91,284.93,284.99,285.0,285.03,285.04,285.06,100,100,400,100,200,100,300,1000,100,300,100,300,100,100,200,100,100,200,100,200
236.0,284.14,51600,14660488.0,284.14,284.06,283.98,283.71,283.69,283.68,283.66,283.65,283.62,283.6,284.62,284.63,284.91,284.93,284.99,285.0,285.03,285.04,285.06,285.48,200,200,100,100,100,300,1000,100,300,300,100,100,100,200,100,100,200,100,200,200
237.0,284.63,51800,14717413.0,284.15,284.14,284.13,284.06,284.05,283.98,283.71,283.7,283.69,283.68,284.91,284.93,284.99,285.0,285.03,285.04,285.06,285.48,285.49,285.5,200,200,100,200,100,100,100,200,100,100,100,200,100,100,200,100,200,200,200,200
238.0,284.16,52000,14774320.0,284.15,284.14,284.13,284.06,284.05,283.98,283.71,283.7,283.69,283.66,284.93,284.99,285.0,285.03,285.04,285.06,285.48,285.49,285.5,285.58,100,200,200,200,100,100,100,200,100,1000,200,100,100,200,100,200,200,200,200,200
239.0,284.29,52800,15001842.0,284.29,284.17,284.16,284.15,284.14,284.13,284.06,284.05,283.98,283.7,284.98,284.99,285.0,285.03,285.04,285.06,285.48,285.49,285.5,285.58,100,100,400,100,100,100,100,100,100,200,100,100,100,200,100,200,200,200,200,200
240.0,284.29,52900,15030271.0,284.17,284.16,284.15,284.14,284.06,284.05,283.98,283.7,283.69,283.66,284.28,284.29,284.98,284.99,285.0,285.03,285.04,285.06,285.48,285.49,100,400,100,100,100,100,100,200,100,1000,100,200,100,100,100,200,100,200,200,200
241.0,284.16,54100,15371161.0,284.08,284.0,283.98,283.7,283.69,283.66,283.65,283.62,283.6,283.59,284.28,284.29,284.98,284.99,285.0,285.03,285.04,285.06,285.48,285.49,100,700,100,200,100,1000,100,300,300,100,100,100,100,100,100,200,100,200,200,200
242.0,284.17,55900,15882641.0,284.0,283.98,283.7,283.69,283.66,283.65,283.62,283.6,283.59,283.5,284.17,284.28,284.29,284.98,284.99,285.0,285.03,285.04,285.06,285.48,200,100,200,100,1000,100,200,300,100,200,300,100,100,100,100,100,200,100,200,200
243.0,284.17,56100,15939475.0,283.98,283.7,283.69,283.66,283.65,283.62,283.6,283.59,283.58,283.5,284.17,284.28,284.29,284.98,284.99,285.0,285.03,285.04,285.06,285.48,100,200,300,1000,100,200,300,100,100,200,100,100,100,100,100,100,200,100,200,200
244.0,284.17,56100,15939475.0,283.98,283.7,283.69,283.66,283.65,283.62,283.6,283.59,283.58,283.5,284.17,284.28,284.29,284.98,284.99,285.0,285.03,285.04,285.06,285.48,100,200,300,1000,100,200,300,100,100,200,100,100,100,100,100,100,200,100,200,200
245.0,283.98,56300,15996271.0,283.71,283.7,283.69,283.66,283.65,283.62,283.6,283.59,283.58,283.5,283.98,284.17,284.28,284.29,284.98,284.99,285.0,285.03,285.04,285.06,100,200,300,1000,100,200,300,100,100,200,400,100,100,100,100,100,100,200,100,200
246.0,284.17,56800,16138280.0,283.98,283.71,283.7,283.69,283.66,283.65,283.62,283.6,283.59,283.58,284.28,284.29,284.98,284.99,285.0,285.03,285.04,285.06,285.48,285.49,100,200,200,300,1000,100,200,300,100,100,100,100,100,100,100,200,100,200,200,200
247.0,283.7,57500,16337056.0,283.7,283.69,283.66,283.65,283.62,283.6,283.59,283.58,283.5,283.41,284.29,284.98,284.99,285.0,285.03,285.04,285.06,285.48,285.49,285.5,100,300,1000,100,200,200,100,100,200,200,100,100,100,100,200,100,200,200,200,200
248.0,283.71,57600,16365427.0,283.7,283.69,283.66,283.65,283.62,283.6,283.59,283.58,283.5,283.41,283.97,283.98,284.29,284.98,284.99,285.0,285.03,285.04,285.06,285.48,100,300,1000,100,200,200,100,100,200,200,500,300,100,100,100,100,200,100,200,200
249.0,283.97,57700,16393824.0,283.71,283.7,283.69,283.66,283.65,283.62,283.6,283.59,283.58,283.5,283.97,283.98,284.29,284.35,284.98,284.99,285.0,285.03,285.04,285.06,200,100,300,1000,100,200,200,100,100,200,600,300,100,100,100,100,100,200,100,200
250.0,283.97,57900,16450618.0,283.71,283.7,283.69,283.66,283.65,283.62,283.6,283.59,283.58,283.5,283.93,283.97,283.98,284.29,284.35,284.98,284.99,285.0,285.03,285.04,200,100,300,1000,100,200,200,100,100,200,1200,400,300,100,100,100,100,100,200,100
251.0,283.93,58000,16479011.0,283.7,283.69,283.66,283.65,283.62,283.6,283.59,283.58,283.5,283.41,283.93,283.97,283.98,284.29,284.35,284.98,284.99,285.0,285.03,285.04,100,300,1000,100,200,200,100,100,200,200,1100,400,100,100,100,100,100,100,200,100
252.0,283.93,58200,16535797.0,283.71,283.7,283.69,283.66,283.65,283.62,283.6,283.59,283.58,283.5,283.93,283.97,283.98,284.29,284.35,284.98,284.99,285.0,285.03,285.04,300,100,300,1000,100,200,200,100,100,200,900,400,100,100,100,100,100,100,200,100
253.0,283.7,58600,16649280.0,283.69,283.66,283.65,283.62,283.6,283.59,283.58,283.5,283.41,283.3,283.93,283.97,283.98,284.29,284.35,284.96,284.98,284.99,285.0,285.03,300,1000,100,200,200,100,100,200,200,100,900,400,100,100,100,100,100,100,100,200
254.0,283.7,58600,16649280.0,283.69,283.66,283.65,283.62,283.6,283.59,283.58,283.5,283.41,283.3,283.93,283.97,283.98,284.29,284.96,284.98,284.99,285.0,285.03,285.04,300,1000,100,200,200,100,100,200,200,100,900,400,100,100,100,100,100,100,200,100
255.0,283.7,58700,16677650.0,283.75,283.69,283.66,283.65,283.62,283.6,283.59,283.58,283.5,283.41,283.93,283.97,283.98,284.29,284.96,284.98,284.99,285.0,285.03,285.04,100,300,1000,100,200,200,100,100,200,200,1000,400,100,100,100,100,100,100,200,100
256.0,283.97,59600,16933139.0,283.69,283.66,283.65,283.62,283.6,283.59,283.58,283.5,283.41,283.3,283.97,283.98,284.29,284.96,284.98,284.99,285.0,285.03,285.04,285.06,300,1000,100,200,200,100,100,200,200,100,100,100,100,100,100,100,100,200,100,200
257.0,283.97,59700,16961536.0,283.97,283.93,283.69,283.66,283.65,283.62,283.6,283.59,283.58,283.5,283.98,284.29,284.96,284.98,284.99,285.0,285.03,285.04,285.06,285.48,100,100,300,1000,100,200,200,100,100,200,100,100,100,100,100,100,200,100,200,200
258.0,283.93,60000,17046724.0,283.77,283.76,283.75,283.7,283.69,283.66,283.65,283.62,283.6,283.59,284.29,284.96,284.98,284.99,285.0,285.03,285.04,285.06,285.48,285.49,100,200,400,100,300,1000,100,200,200,100,100,100,100,100,100,200,100,200,200,200
259.0,283.93,60000,17046724.0,283.96,283.79,283.78,283.77,283.76,283.75,283.69,283.66,283.65,283.62,284.29,284.96,284.98,284.99,285.0,285.03,285.04,285.06,285.48,285.49,100,100,100,100,200,300,300,1000,100,200,100,100,100,100,100,200,100,200,200,200
260.0,283.75,61000,17330508.0,283.78,283.77,283.76,283.71,283.7,283.69,283.66,283.65,283.62,283.6,284.29,284.96,284.98,284.99,285.0,285.03,285.04,285.06,285.48,285.49,100,200,200,100,200,300,1000,100,200,200,100,100,100,100,100,200,100,200,200,200
261.0,283.75,61000,17330508.0,283.78,283.77,283.76,283.71,283.7,283.69,283.66,283.65,283.62,283.6,284.29,284.96,284.98,284.99,285.0,285.03,285.04,285.06,285.48,285.49,100,100,200,100,200,300,1000,100,200,200,100,100,100,100,100,200,100,200,200,200
262.0,283.75,61000,17330508.0,283.83,283.77,283.76,283.71,283.7,283.69,283.66,283.65,283.62,283.6,284.29,284.96,284.98,284.99,285.0,285.03,285.04,285.06,285.48,285.49,200,100,200,300,100,300,1000,100,200,200,100,100,100,100,100,200,100,200,200,200
263.0,283.84,61100,17358892.0,283.83,283.77,283.76,283.71,283.7,283.69,283.66,283.65,283.62,283.6,284.29,284.96,284.98,284.99,285.0,285.03,285.04,285.06,285.48,285.49,200,100,200,300,100,300,1000,100,200,200,100,100,100,100,100,200,100,200,200,200
264.0,283.83,61200,17387275.0,283.83,283.76,283.71,283.7,283.69,283.66,283.65,283.62,283.6,283.59,284.29,284.96,284.98,284.99,285.0,285.03,285.04,285.06,285.48,285.49,100,200,300,100,300,1000,100,200,200,100,100,100,100,100,100,200,100,200,200,200
265.0,283.83,61200,17387275.0,283.83,283.76,283.75,283.7,283.69,283.66,283.65,283.62,283.6,283.59,284.29,284.96,284.98,284.99,285.0,285.03,285.04,285.06,285.48,285.49,100,200,200,100,300,1000,100,200,200,100,100,100,100,100,100,200,100,200,200,200
266.0,283.83,61200,17387275.0,283.83,283.76,283.75,283.69,283.66,283.65,283.62,283.6,283.59,283.58,284.29,284.96,284.98,284.99,285.0,285.03,285.04,285.06,285.48,285.49,100,200,200,300,1000,100,200,200,100,100,100,100,100,100,100,200,100,200,200,200
267.0,283.83,61200,17387275.0,283.83,283.76,283.75,283.69,283.66,283.65,283.62,283.6,283.59,283.58,284.29,284.96,284.98,284.99,285.0,285.03,285.04,285.06,285.48,285.49,100,200,200,300,1000,100,200,400,100,100,100,100,100,100,100,200,100,200,200,200
268.0,283.82,62700,17812977.0,283.84,283.83,283.82,283.78,283.73,283.69,283.66,283.65,283.62,283.6,284.29,284.96,284.98,284.99,285.0,285.03,285.04,285.06,285.48,285.49,200,100,600,500,1800,400,1000,100,200,400,100,100,100,100,100,200,100,200,200,200
269.0,283.82,62700,17812977.0,283.84,283.83,283.82,283.78,283.73,283.69,283.66,283.65,283.62,283.6,284.29,284.96,284.98,284.99,285.0,285.03,285.04,285.06,285.48,285.49,200,100,300,500,1300,400,1000,100,200,400,100,100,100,100,100,200,100,200,200,200
270.0,283.82,62700,17812977.0,283.84,283.83,283.82,283.78,283.73,283.69,283.66,283.65,283.62,283.6,284.29,284.96,284.98,284.99,285.0,285.03,285.04,285.06,285.48,285.49,200,100,300,500,1300,300,1000,100,200,400,100,100,100,100,100,200,100,200,200,200
271.0,283.82,62700,17812977.0,283.84,283.83,283.82,283.78,283.75,283.73,283.69,283.66,283.65,283.62,284.29,284.96,284.98,284.99,285.0,285.03,285.04,285.06,285.48,285.49,300,500,300,500,300,800,300,1000,100,200,100,100,100,100,100,200,100,200,200,200
272.0,283.82,62700,17812977.0,283.84,283.83,283.82,283.78,283.75,283.73,283.69,283.66,283.65,283.62,284.29,284.96,284.98,284.99,285.0,285.03,285.04,285.06,285.48,285.49,300,600,300,500,300,800,300,1000,100,200,100,100,100,100,100,200,100,200,200,200
273.0,283.84,62800,17841361.0,283.85,283.84,283.83,283.82,283.78,283.75,283.73,283.69,283.66,283.65,284.29,284.9,284.96,284.98,284.99,285.0,285.03,285.04,285.06,285.48,100,100,800,300,500,300,300,300,1000,100,100,100,100,100,100,100,200,100,200,200
274.0,283.85,63100,17926528.0,283.84,283.83,283.82,283.78,283.75,283.73,283.69,283.66,283.65,283.62,284.29,284.9,284.96,284.98,284.99,285.0,285.03,285.04,285.06,285.48,100,800,300,500,300,300,300,1000,100,200,100,100,100,100,100,100,200,100,200,200
275.0,283.85,63100,17926528.0,283.84,283.83,283.82,283.78,283.75,283.73,283.69,283.66,283.65,283.62,284.29,284.9,284.96,284.98,284.99,285.0,285.03,285.04,285.06,285.48,100,800,300,500,300,300,300,1000,100,200,100,100,100,100,100,100,200,100,200,200
276.0,284.29,63200,17954957.0,283.85,283.84,283.83,283.82,283.78,283.75,283.73,283.7,283.69,283.68,284.3,284.38,284.44,284.57,284.89,284.9,284.96,284.98,284.99,285.0,100,300,600,100,500,300,300,100,300,100,100,100,100,100,200,100,100,100,100,100
277.0,283.85,63300,17983342.0,283.84,283.83,283.82,283.78,283.75,283.73,283.7,283.69,283.68,283.66,284.27,284.29,284.38,284.44,284.57,284.89,284.9,284.96,284.98,284.99,300,600,100,500,300,300,100,300,100,1000,100,100,100,100,100,200,100,100,100,100
278.0,283.84,63400,18011726.0,283.84,283.83,283.78,283.75,283.7,283.69,283.68,283.66,283.65,283.62,284.17,284.29,284.38,284.44,284.57,284.89,284.9,284.96,284.98,284.99,200,600,500,300,100,300,100,1000,100,200,200,100,100,100,100,200,100,100,100,100
279.0,283.84,63400,18011726.0,283.85,283.83,283.78,283.75,283.7,283.69,283.68,283.66,283.65,283.62,284.17,284.22,284.29,284.38,284.44,284.57,284.89,284.9,284.96,284.98,200,600,500,300,100,300,100,1000,100,200,200,100,100,100,100,100,200,100,100,100
280.0,283.84,63400,18011726.0,284.0,283.85,283.83,283.78,283.75,283.7,283.69,283.68,283.66,283.65,284.17,284.22,284.29,284.38,284.44,284.57,284.89,284.9,284.96,284.98,100,200,600,500,300,100,300,100,1000,100,300,100,100,100,100,100,200,100,100,100
281.0,283.84,63400,18011726.0,284.0,283.85,283.83,283.78,283.75,283.7,283.69,283.68,283.66,283.65,284.17,284.22,284.29,284.38,284.44,284.57,284.89,284.9,284.96,284.98,100,200,600,500,300,100,300,100,1000,100,300,100,100,100,100,100,200,100,100,100
282.0,283.84,63400,18011726.0,284.0,283.85,283.83,283.8,283.78,283.75,283.7,283.69,283.68,283.66,284.17,284.22,284.29,284.38,284.44,284.57,284.89,284.9,284.96,284.98,100,200,600,100,500,300,100,300,100,1000,300,100,100,100,100,100,200,100,100,100
283.0,284.0,63500,18040126.0,283.85,283.83,283.8,283.75,283.7,283.69,283.68,283.66,283.65,283.62,284.17,284.22,284.29,284.38,284.44,284.57,284.89,284.9,284.96,284.98,200,500,100,300,100,300,100,1000,100,200,300,100,100,100,100,100,200,100,100,100
284.0,284.0,63500,18040126.0,283.99,283.85,283.83,283.8,283.75,283.7,283.69,283.68,283.66,283.65,284.17,284.22,284.29,284.38,284.44,284.57,284.89,284.96,284.98,284.99,100,200,400,100,300,100,300,100,1000,100,300,100,100,100,100,100,200,100,100,100
285.0,283.82,65100,18494266.0,283.75,283.7,283.69,283.68,283.66,283.65,283.62,283.6,283.59,283.58,283.82,284.17,284.22,284.29,284.38,284.44,284.57,284.89,284.96,284.98,300,100,300,100,1000,100,200,400,100,100,600,100,100,100,100,100,100,200,100,100
286.0,283.82,65500,18607794.0,283.75,283.7,283.69,283.68,283.66,283.65,283.62,283.6,283.59,283.58,283.82,283.84,284.17,284.22,284.29,284.38,284.44,284.57,284.89,284.96,300,100,300,100,1000,100,200,400,100,100,200,100,100,100,100,100,100,100,200,100
287.0,283.82,65500,18607794.0,283.75,283.7,283.69,283.68,283.66,283.65,283.62,283.6,283.59,283.58,283.82,283.84,284.17,284.22,284.29,284.38,284.44,284.57,284.89,284.96,400,100,300,100,1000,100,200,400,100,100,200,100,100,100,100,100,100,100,200,100
288.0,283.75,65900,18721294.0,283.75,283.7,283.69,283.68,283.66,283.65,283.62,283.6,283.59,283.58,283.82,283.84,284.17,284.22,284.29,284.38,284.44,284.57,284.89,284.96,200,100,300,100,1000,100,200,400,100,100,200,100,100,100,100,100,100,100,200,100
289.0,283.75,66000,18749669.0,283.75,283.7,283.69,283.68,283.66,283.65,283.62,283.6,283.59,283.58,283.82,283.84,284.17,284.22,284.29,284.38,284.44,284.57,284.89,284.96,100,100,300,100,1000,100,200,400,100,100,300,100,100,100,100,100,100,100,200,100
290.0,283.75,66100,18778044.0,283.7,283.69,283.68,283.66,283.65,283.62,283.6,283.59,283.58,283.5,283.74,283.82,283.84,284.17,284.22,284.29,284.38,284.44,284.57,284.89,100,300,100,1000,100,200,400,100,100,600,200,400,100,100,100,100,100,100,100,200
291.0,283.74,66200,18806418.0,283.7,283.69,283.68,283.66,283.65,283.62,283.6,283.59,283.58,283.5,283.74,283.82,283.84,284.17,284.22,284.29,284.38,284.44,284.57,284.89,100,300,100,1000,100,200,400,100,100,600,100,400,100,100,100,100,100,100,100,200
292.0,283.7,66400,18863162.0,283.69,283.68,283.66,283.65,283.62,283.6,283.59,283.58,283.5,283.44,283.7,283.82,283.84,284.17,284.22,284.29,284.38,284.44,284.57,284.89,300,100,1000,100,200,400,100,100,600,100,900,400,100,100,100,100,100,100,100,200
293.0,283.69,66700,18948271.0,283.69,283.68,283.66,283.65,283.62,283.6,283.59,283.58,283.5,283.44,283.7,283.74,283.78,283.82,283.84,284.17,284.22,284.29,284.38,284.44,200,100,1000,100,200,400,100,100,600,100,700,100,100,400,100,100,100,100,100,100
294.0,283.69,66700,18948271.0,283.69,283.68,283.66,283.65,283.62,283.6,283.59,283.58,283.5,283.44,283.7,283.74,283.78,283.82,283.84,284.17,284.22,284.29,284.38,284.44,200,100,1000,100,200,400,100,100,600,100,700,100,100,400,100,100,100,100,100,100
295.0,283.69,66700,18948271.0,283.69,283.68,283.66,283.65,283.62,283.6,283.59,283.58,283.5,283.44,283.7,283.74,283.78,283.82,283.84,284.17,284.22,284.29,284.38,284.44,200,100,1000,100,200,400,100,100,600,100,700,100,100,400,100,100,100,100,100,100
296.0,283.7,66800,18976641.0,283.69,283.68,283.66,283.65,283.62,283.6,283.59,283.58,283.5,283.44,283.7,283.74,283.78,283.82,283.84,284.17,284.22,284.29,284.38,284.44,200,100,1000,100,200,400,100,100,600,100,600,100,100,400,100,100,100,100,100,100
297.0,283.7,66800,18976641.0,283.69,283.68,283.66,283.65,283.62,283.6,283.59,283.58,283.5,283.44,283.7,283.74,283.78,283.82,283.84,284.17,284.22,284.29,284.38,284.44,200,100,1000,100,200,400,100,100,600,100,600,100,100,400,100,100,100,100,100,100
298.0,283.7,66900,19005011.0,283.69,283.68,283.66,283.65,283.62,283.6,283.59,283.58,283.5,283.44,283.7,283.74,283.78,283.82,283.84,284.17,284.22,284.29,284.38,284.44,200,100,1000,100,200,400,100,100,600,100,500,100,100,400,100,100,100,100,100,100
299.0,283.78,67600,19203613.0,283.7,283.69,283.68,283.66,283.65,283.62,283.6,283.59,283.58,283.5,283.82,283.84,284.17,284.22,284.29,284.38,284.44,284.57,284.89,284.98,1400,200,100,1000,100,200,400,100,100,600,400,100,100,100,100,100,100,100,200,100
300.0,283.84,68100,19345525.0,283.71,283.7,283.69,283.68,283.66,283.65,283.62,283.6,283.59,283.58,284.17,284.38,284.44,284.57,284.89,284.98,284.99,285.0,285.03,285.04,100,1600,200,100,1000,100,200,400,100,100,100,100,100,100,200,100,100,100,200,100
301.0,283.84,68100,19345525.0,283.72,283.71,283.7,283.69,283.68,283.66,283.65,283.62,283.6,283.59,284.17,284.57,284.89,284.98,284.99,285.0,285.03,285.04,285.06,285.48,100,100,1700,400,100,1000,100,200,400,100,100,100,200,100,100,100,200,100,200,200
302.0,283.84,68100,19345525.0,283.73,283.72,283.71,283.7,283.69,283.68,283.66,283.65,283.62,283.6,284.17,284.57,284.89,284.98,284.99,285.0,285.03,285.04,285.06,285.48,100,100,100,1700,400,100,1000,100,200,400,100,100,200,100,100,100,200,100,200,200
303.0,284.38,68600,19487495.0,283.76,283.75,283.74,283.72,283.71,283.7,283.69,283.68,283.66,283.65,284.38,284.57,284.89,284.98,284.99,285.0,285.03,285.04,285.06,285.48,100,100,100,100,100,1600,400,100,1000,100,200,100,200,100,100,100,200,100,200,200
304.0,283.75,68800,19544246.0,283.72,283.7,283.69,283.68,283.66,283.65,283.62,283.6,283.59,283.58,284.25,284.27,284.37,284.38,284.57,284.89,284.98,284.99,285.0,285.03,100,1600,400,100,1000,100,200,400,100,100,100,100,100,200,100,200,100,100,100,200
305.0,283.72,68900,19572618.0,283.7,283.69,283.68,283.66,283.65,283.62,283.6,283.59,283.58,283.5,284.15,284.21,284.27,284.37,284.38,284.57,284.89,284.98,284.99,285.0,1600,400,100,1000,100,200,400,100,100,700,300,100,100,100,200,100,200,100,100,100
306.0,283.72,68900,19572618.0,283.7,283.69,283.68,283.66,283.62,283.6,283.59,283.58,283.5,283.44,284.15,284.21,284.27,284.37,284.38,284.57,284.89,284.98,284.99,285.0,1600,400,100,1000,200,400,100,100,700,100,300,100,100,100,200,100,200,100,100,100
307.0,283.72,68900,19572618.0,283.7,283.69,283.68,283.66,283.62,283.6,283.59,283.58,283.5,283.44,284.15,284.21,284.27,284.37,284.38,284.57,284.89,284.98,284.99,285.0,1600,200,100,1000,200,500,100,100,700,100,300,100,100,100,200,100,200,100,100,100
308.0,283.77,69100,19629372.0,283.7,283.69,283.68,283.66,283.62,283.6,283.59,283.58,283.5,283.44,284.15,284.21,284.27,284.37,284.38,284.57,284.89,284.98,284.99,285.0,1600,200,100,1000,200,500,100,100,700,100,300,100,100,100,100,100,200,100,100,100
309.0,283.77,69100,19629372.0,283.71,283.7,283.69,283.68,283.66,283.62,283.6,283.59,283.58,283.5,284.15,284.37,284.38,284.57,284.89,284.98,284.99,285.0,285.03,285.04,100,1800,200,100,1000,200,500,100,100,700,300,100,100,100,200,100,100,100,200,100
310.0,283.77,69100,19629372.0,283.71,283.7,283.69,283.68,283.66,283.62,283.6,283.59,283.58,283.5,284.15,284.37,284.38,284.57,284.89,284.98,284.99,285.0,285.03,285.04,100,1800,200,100,1000,200,500,100,100,700,300,100,100,100,200,100,100,100,200,100
311.0,283.77,69100,19629372.0,283.72,283.71,283.7,283.69,283.68,283.66,283.62,283.6,283.59,283.58,284.15,284.37,284.38,284.57,284.89,284.98,284.99,285.0,285.03,285.04,100,200,1900,200,100,1000,200,500,100,100,300,100,100,100,200,100,100,100,200,100
312.0,283.77,69100,19629372.0,283.72,283.71,283.7,283.69,283.68,283.66,283.62,283.6,283.59,283.58,284.15,284.37,284.38,284.57,284.89,284.98,284.99,285.0,285.03,285.04,100,400,1900,200,100,1000,200,500,100,100,300,100,100,100,200,100,100,100,200,100
313.0,283.7,70400,19998195.0,283.7,283.69,283.68,283.66,283.62,283.6,283.59,283.58,283.5,283.44,284.15,284.37,284.38,284.57,284.89,284.98,284.99,285.0,285.03,285.04,1300,200,100,1000,200,500,100,100,700,100,300,100,100,100,200,100,100,100,200,100
314.0,283.72,70600,20054937.0,283.7,283.69,283.68,283.66,283.62,283.6,283.59,283.58,283.5,283.44,284.15,284.37,284.38,284.57,284.89,284.98,284.99,285.0,285.03,285.04,1100,200,100,1000,200,500,100,100,700,100,300,100,100,100,200,100,100,100,200,100
315.0,284.15,70700,20083352.0,283.7,283.69,283.68,283.66,283.62,283.6,283.59,283.58,283.5,283.44,284.15,284.37,284.38,284.57,284.89,284.98,284.99,285.0,285.03,285.04,1100,200,100,1000,200,500,100,100,700,100,200,100,100,100,200,100,100,100,200,100
316.0,284.15,70700,20083352.0,283.7,283.69,283.68,283.66,283.62,283.6,283.59,283.58,283.5,283.44,284.15,284.37,284.38,284.57,284.89,284.98,284.99,285.0,285.03,285.04,1100,200,100,1000,200,500,100,100,700,100,200,100,100,100,200,100,100,100,200,100
317.0,284.15,70700,20083352.0,283.7,283.69,283.68,283.66,283.62,283.6,283.59,283.58,283.5,283.44,284.14,284.15,284.37,284.38,284.57,284.89,284.98,284.99,285.0,285.03,900,200,100,1000,200,500,100,100,700,100,100,100,100,100,100,200,100,100,100,200
318.0,283.7,70900,20140092.0,283.7,283.69,283.68,283.66,283.62,283.6,283.59,283.58,283.5,283.44,284.14,284.15,284.37,284.38,284.57,284.89,284.98,284.99,285.0,285.03,700,200,100,1000,200,500,100,100,700,100,100,100,100,100,100,200,100,100,100,200
319.0,283.8,71000,20168472.0,283.7,283.69,283.68,283.66,283.62,283.6,283.59,283.58,283.5,283.44,284.08,284.14,284.15,284.37,284.38,284.57,284.89,284.98,284.99,285.0,700,200,100,1000,200,500,100,100,700,100,100,100,100,100,100,100,200,100,100,100
320.0,283.8,71000,20168472.0,283.7,283.69,283.68,283.66,283.62,283.6,283.59,283.58,283.5,283.44,284.08,284.15,284.37,284.38,284.57,284.89,284.98,284.99,285.0,285.03,1100,200,100,1000,200,500,100,100,700,100,100,100,100,100,100,200,100,100,100,200
321.0,283.8,71000,20168472.0,283.7,283.69,283.68,283.66,283.62,283.6,283.59,283.58,283.5,283.44,284.08,284.15,284.37,284.38,284.57,284.89,284.98,284.99,285.0,285.03,1100,200,100,1000,200,500,100,100,700,100,100,100,100,100,100,200,100,100,100,200
322.0,284.08,71100,20196880.0,283.7,283.69,283.68,283.66,283.62,283.6,283.59,283.58,283.5,283.44,284.15,284.37,284.38,284.57,284.89,284.98,284.99,285.0,285.03,285.04,1100,200,100,1000,200,500,100,100,700,100,100,100,100,100,200,100,100,100,200,100
323.0,283.7,71300,20253620.0,283.7,283.69,283.68,283.66,283.62,283.6,283.59,283.58,283.5,283.44,284.08,284.15,284.37,284.38,284.57,284.89,284.98,284.99,285.0,285.03,1100,200,100,1000,200,500,100,100,700,100,100,100,100,100,100,200,100,100,100,200
324.0,283.7,71300,20253620.0,283.7,283.69,283.68,283.66,283.62,283.6,283.59,283.58,283.5,283.44,284.08,284.15,284.37,284.38,284.57,284.89,284.98,284.99,285.0,285.03,1200,200,100,1000,200,500,100,100,700,100,100,100,100,100,100,200,100,100,100,200
325.0,283.7,71300,20253620.0,283.71,283.7,283.69,283.68,283.66,283.62,283.6,283.59,283.58,283.5,284.08,284.15,284.37,284.38,284.57,284.89,284.98,284.99,285.0,285.03,200,1200,200,100,1000,200,500,100,100,700,100,100,100,100,100,200,100,100,100,200
326.0,283.7,71300,20253620.0,283.71,283.7,283.69,283.68,283.66,283.62,283.6,283.59,283.58,283.5,284.08,284.15,284.37,284.38,284.57,284.89,284.98,284.99,285.0,285.03,300,1200,200,100,1000,200,500,100,100,700,100,100,100,100,100,200,100,100,100,200
327.0,283.7,71300,20253620.0,283.72,283.71,283.7,283.69,283.68,283.66,283.62,283.6,283.59,283.58,284.08,284.15,284.37,284.38,284.57,284.89,284.98,284.99,285.0,285.03,100,300,1300,200,100,1000,200,500,100,100,100,100,100,100,100,200,100,100,100,200
328.0,284.08,71500,20310400.0,283.71,283.7,283.69,283.68,283.66,283.62,283.6,283.59,283.58,283.5,284.15,284.38,284.57,284.89,284.98,284.99,285.0,285.03,285.04,285.06,300,1300,200,100,1000,200,500,100,100,700,100,100,100,200,100,100,100,200,100,200
329.0,283.71,72000,20452255.0,283.7,283.69,283.68,283.66,283.62,283.6,283.59,283.58,283.5,283.44,284.12,284.15,284.38,284.57,284.89,284.98,284.99,285.0,285.03,285.04,900,200,100,1000,200,500,100,100,700,100,100,100,100,100,200,100,100,100,200,100
330.0,283.71,72000,20452255.0,283.7,283.69,283.68,283.66,283.62,283.6,283.59,283.58,283.5,283.44,284.08,284.12,284.15,284.38,284.57,284.89,284.98,284.99,285.0,285.03,900,200,100,1000,200,500,100,100,700,100,100,100,100,100,100,200,100,100,100,200
331.0,283.72,72200,20508999.0,283.72,283.7,283.69,283.68,283.66,283.62,283.6,283.59,283.58,283.5,284.08,284.12,284.15,284.38,284.57,284.89,284.98,284.99,285.0,285.03,800,1000,200,100,1000,200,500,100,100,700,200,100,100,100,100,200,100,100,100,200
332.0,283.72,72200,20508999.0,283.72,283.7,283.69,283.68,283.66,283.62,283.6,283.59,283.58,283.5,284.08,284.12,284.15,284.38,284.57,284.89,284.98,284.99,285.0,285.03,300,1600,200,100,1000,200,500,100,100,600,200,100,100,100,100,200,100,100,100,200
333.0,283.72,72600,20622523.0,283.7,283.69,283.68,283.66,283.62,283.6,283.59,283.58,283.5,283.44,284.08,284.12,284.15,284.38,284.57,284.89,284.98,284.99,285.0,285.03,1600,200,100,1000,200,500,100,100,600,100,100,200,100,100,100,200,100,100,100,200
334.0,283.7,72700,20650893.0,283.7,283.69,283.68,283.66,283.62,283.6,283.59,283.58,283.5,283.44,284.08,284.12,284.15,284.38,284.57,284.89,284.98,284.99,285.0,285.03,1500,200,100,1000,200,400,100,100,600,100,100,200,100,100,100,200,100,100,100,200
335.0,283.7,72700,20650893.0,283.7,283.69,283.68,283.66,283.62,283.6,283.59,283.58,283.5,283.44,284.08,284.12,284.15,284.38,284.57,284.89,284.98,284.99,285.0,285.03,2000,200,100,1000,200,400,100,100,600,100,100,200,100,100,100,200,100,100,100,200
336.0,283.7,72700,20650893.0,283.7,283.69,283.68,283.66,283.62,283.6,283.59,283.58,283.5,283.44,284.08,284.12,284.15,284.38,284.57,284.89,284.98,284.99,285.0,285.03,1900,200,100,1000,200,400,100,100,600,100,100,200,100,100,100,200,100,100,100,200
337.0,283.7,72700,20650893.0,283.7,283.69,283.68,283.66,283.62,283.6,283.59,283.58,283.5,283.44,284.08,284.12,284.15,284.38,284.57,284.89,284.98,284.99,285.0,285.03,1900,200,100,1000,200,400,100,100,600,100,100,200,100,100,100,200,100,100,100,200
338.0,283.7,72700,20650893.0,283.7,283.69,283.68,283.66,283.62,283.6,283.59,283.58,283.5,283.44,284.08,284.12,284.15,284.38,284.57,284.89,284.98,284.99,285.0,285.03,1900,200,100,1000,200,400,100,100,600,100,100,200,100,100,100,200,100,100,100,200
339.0,283.7,72800,20679263.0,283.7,283.69,283.68,283.66,283.62,283.6,283.59,283.58,283.5,283.44,284.08,284.12,284.15,284.38,284.57,284.89,284.98,284.99,285.0,285.03,1800,200,100,1000,200,400,100,100,600,100,100,200,100,100,100,200,100,100,100,200
340.0,283.7,72800,20679263.0,283.7,283.69,283.68,283.66,283.62,283.6,283.59,283.58,283.5,283.44,284.08,284.12,284.15,284.38,284.57,284.89,284.98,284.99,285.0,285.03,1900,200,100,1000,200,400,100,100,600,100,100,200,100,100,100,200,100,100,100,200
341.0,283.7,72800,20679263.0,283.7,283.69,283.68,283.66,283.62,283.6,283.59,283.58,283.5,283.44,284.08,284.12,284.15,284.38,284.57,284.89,284.98,284.99,285.0,285.03,1900,200,100,1000,200,400,100,100,600,100,100,200,100,100,100,200,100,100,100,200
342.0,283.7,72800,20679263.0,283.72,283.7,283.69,283.68,283.66,283.62,283.6,283.59,283.58,283.5,284.08,284.12,284.15,284.38,284.57,284.89,284.98,284.99,285.0,285.03,100,1900,200,100,1000,200,400,100,100,600,100,200,100,100,100,200,100,100,100,200
343.0,283.7,72800,20679263.0,283.72,283.71,283.7,283.69,283.68,283.66,283.62,283.6,283.59,283.58,284.08,284.12,284.15,284.38,284.57,284.89,284.98,284.99,285.0,285.03,100,100,2100,200,100,1000,200,400,100,100,100,200,100,100,100,200,100,100,100,200
344.0,283.7,72800,20679263.0,283.72,283.71,283.7,283.69,283.68,283.66,283.62,283.6,283.59,283.58,284.08,284.12,284.15,284.38,284.57,284.89,284.98,284.99,285.0,285.03,100,200,2100,200,100,1000,200,400,100,100,100,200,100,100,100,200,100,100,100,200
345.0,283.7,72800,20679263.0,283.72,283.71,283.7,283.69,283.68,283.66,283.62,283.6,283.59,283.58,284.08,284.12,284.15,284.38,284.57,284.89,284.98,284.99,285.0,285.03,100,200,2100,200,100,1000,200,400,100,100,100,200,100,100,100,200,100,100,100,200
346.0,283.7,72800,20679263.0,283.72,283.71,283.7,283.69,283.68,283.66,283.62,283.6,283.59,283.58,284.08,284.12,284.15,284.38,284.57,284.89,284.98,284.99,285.0,285.03,300,200,1900,200,100,1000,200,400,100,100,100,200,100,100,100,200,100,100,100,200
347.0,283.7,72800,20679263.0,283.72,283.71,283.7,283.69,283.68,283.66,283.62,283.6,283.59,283.58,284.08,284.12,284.15,284.38,284.57,284.89,284.98,284.99,285.0,285.03,300,300,1900,200,200,1000,200,400,100,100,100,200,100,100,100,200,100,100,100,200
348.0,283.72,72900,20707635.0,283.72,283.71,283.7,283.69,283.68,283.66,283.62,283.6,283.59,283.58,284.08,284.12,284.15,284.38,284.57,284.89,284.98,284.99,285.0,285.03,200,300,1900,200,200,1000,200,400,100,100,100,200,100,100,100,200,100,100,100,200
349.0,283.72,72900,20707635.0,283.72,283.71,283.7,283.69,283.68,283.66,283.62,283.6,283.59,283.58,284.08,284.12,284.15,284.38,284.57,284.89,284.98,284.99,285.0,285.03,200,300,1900,200,200,1000,200,400,100,100,100,200,100,100,100,200,100,100,100,200
350.0,284.08,73000,20736043.0,283.76,283.72,283.71,283.7,283.69,283.68,283.66,283.62,283.6,283.59,284.12,284.15,284.38,284.57,284.89,284.98,284.99,285.0,285.03,285.04,100,200,300,1900,200,200,1000,200,500,100,200,100,100,100,200,100,100,100,200,100
351.0,284.08,73000,20736043.0,283.76,283.72,283.71,283.7,283.69,283.68,283.66,283.62,283.6,283.59,284.12,284.15,284.38,284.57,284.89,284.98,284.99,285.0,285.03,285.04,100,200,300,1900,200,200,1000,200,500,100,200,100,100,100,200,100,100,100,200,100
352.0,284.08,73000,20736043.0,283.76,283.72,283.71,283.7,283.69,283.68,283.66,283.62,283.6,283.59,284.12,284.15,284.38,284.57,284.89,284.98,284.99,285.0,285.03,285.04,100,200,300,1900,200,200,1000,200,500,100,200,100,100,100,200,100,100,100,200,100
353.0,284.08,73000,20736043.0,283.76,283.75,283.72,283.71,283.7,283.69,283.68,283.66,283.62,283.6,284.12,284.15,284.38,284.57,284.89,284.98,284.99,285.0,285.03,285.04,100,100,200,200,1500,200,200,1000,200,500,200,100,100,100,200,100,100,100,200,100
354.0,283.76,73100,20764419.0,283.76,283.75,283.72,283.71,283.7,283.69,283.68,283.66,283.62,283.6,284.12,284.15,284.38,284.57,284.89,284.98,284.99,285.0,285.03,285.04,700,100,200,200,900,200,200,1000,200,500,200,100,100,100,200,100,100,100,200,100
355.0,283.75,74100,21048178.0,283.71,283.7,283.69,283.68,283.66,283.62,283.6,283.59,283.58,283.5,284.12,284.15,284.38,284.57,284.89,284.98,284.99,285.0,285.03,285.04,200,900,200,200,1000,200,500,100,100,600,200,100,100,100,200,100,100,100,200,100
356.0,283.75,74100,21048178.0,283.76,283.75,283.71,283.7,283.69,283.68,283.66,283.62,283.6,283.59,284.12,284.15,284.38,284.57,284.89,284.98,284.99,285.0,285.03,285.04,100,200,200,900,200,200,1000,200,500,100,200,100,100,100,200,100,100,100,200,100
357.0,284.12,74200,21076590.0,283.77,283.76,283.75,283.71,283.7,283.69,283.68,283.66,283.62,283.6,284.12,284.15,284.38,284.57,284.89,284.98,284.99,285.0,285.03,285.04,400,200,200,200,900,200,200,1000,200,500,100,100,100,100,200,100,100,100,200,100
358.0,283.77,74300,21104967.0,283.77,283.76,283.75,283.71,283.7,283.69,283.68,283.62,283.6,283.59,284.12,284.15,284.16,284.38,284.57,284.89,284.98,284.99,285.0,285.03,300,200,200,200,900,200,200,200,500,100,100,100,100,100,100,200,100,100,100,200
359.0,283.77,74300,21104967.0,283.77,283.76,283.75,283.71,283.7,283.69,283.68,283.62,283.6,283.59,284.12,284.16,284.38,284.57,284.89,284.98,284.99,285.0,285.03,285.04,300,300,200,200,900,200,200,200,500,100,200,100,100,100,200,100,100,100,200,100
360.0,283.77,74300,21104967.0,283.77,283.76,283.75,283.71,283.7,283.69,283.68,283.62,283.6,283.59,284.12,284.16,284.38,284.57,284.89,284.98,284.99,285.0,285.03,285.04,400,200,200,200,900,200,200,200,500,100,200,100,100,100,200,100,100,100,200,100
361.0,284.12,74500,21161791.0,283.77,283.76,283.75,283.71,283.7,283.69,283.68,283.62,283.6,283.59,284.16,284.38,284.57,284.89,284.98,284.99,285.0,285.03,285.04,285.06,400,200,200,200,900,200,200,200,500,100,100,100,100,200,100,100,100,200,100,200
362.0,284.12,74500,21161791.0,283.78,283.77,283.76,283.75,283.71,283.7,283.69,283.68,283.62,283.6,284.16,284.38,284.57,284.89,284.98,284.99,285.0,285.03,285.04,285.06,100,400,200,200,200,800,200,200,200,500,100,100,100,200,100,100,100,200,100,200
363.0,284.16,74600,21190207.0,283.78,283.77,283.76,283.75,283.71,283.7,283.69,283.68,283.64,283.62,284.16,284.38,284.57,284.89,284.98,284.99,285.0,285.03,285.04,285.06,100,400,200,200,200,800,200,200,100,200,100,100,100,200,100,100,100,200,100,200
364.0,283.78,74700,21218585.0,283.78,283.77,283.76,283.75,283.71,283.7,283.69,283.68,283.64,283.62,284.16,284.38,284.57,284.89,284.98,284.99,285.0,285.03,285.04,285.06,100,400,200,200,200,800,200,200,100,200,200,100,100,200,100,100,100,200,100,200
365.0,283.78,74700,21218585.0,283.78,283.77,283.76,283.71,283.7,283.69,283.68,283.65,283.64,283.62,284.16,284.38,284.57,284.89,284.98,284.99,285.0,285.03,285.04,285.06,100,600,200,100,800,200,200,100,100,200,200,100,100,200,100,100,100,200,100,200
366.0,283.78,74700,21218585.0,283.78,283.77,283.76,283.71,283.7,283.69,283.68,283.65,283.64,283.62,284.16,284.38,284.57,284.89,284.98,284.99,285.0,285.03,285.04,285.06,200,500,200,100,800,200,200,100,100,200,200,100,100,200,100,100,100,200,100,200
367.0,283.78,74700,21218585.0,283.78,283.77,283.76,283.71,283.7,283.69,283.68,283.65,283.64,283.62,284.16,284.38,284.57,284.89,284.98,284.99,285.0,285.03,285.04,285.06,200,500,200,100,800,200,200,100,100,200,200,100,100,200,100,100,100,200,100,200
368.0,283.78,74700,21218585.0,283.78,283.77,283.76,283.71,283.7,283.69,283.68,283.65,283.64,283.62,284.16,284.38,284.57,284.89,284.98,284.99,285.0,285.03,285.04,285.06,200,500,200,100,800,200,200,100,100,200,200,100,100,200,100,100,100,200,100,200
369.0,283.78,74700,21218585.0,283.79,283.78,283.77,283.76,283.71,283.7,283.69,283.68,283.65,283.64,284.16,284.38,284.57,284.89,284.98,284.99,285.0,285.03,285.04,285.06,100,100,500,200,100,800,200,200,100,100,200,100,100,200,100,100,100,200,100,200
370.0,284.16,74900,21275417.0,284.16,283.79,283.78,283.77,283.76,283.71,283.7,283.69,283.68,283.65,284.38,284.57,284.89,284.98,284.99,285.0,285.03,285.04,285.06,285.48,100,100,100,500,200,100,700,200,200,100,100,100,200,100,100,100,200,100,200,200
371.0,284.16,74900,21275417.0,284.16,283.8,283.79,283.78,283.77,283.76,283.71,283.7,283.69,283.68,284.57,284.58,284.88,284.89,284.98,284.99,285.0,285.03,285.04,285.06,100,100,100,100,500,200,100,700,200,200,100,100,300,200,100,100,100,200,100,200
372.0,284.16,74900,21275417.0,284.16,283.8,283.79,283.78,283.77,283.76,283.71,283.7,283.69,283.68,284.57,284.58,284.88,284.89,284.98,284.99,285.0,285.03,285.04,285.06,100,100,100,100,500,200,100,700,200,200,100,100,300,200,100,100,100,200,100,200
373.0,284.16,75000,21303833.0,283.8,283.79,283.78,283.77,283.76,283.71,283.7,283.69,283.68,283.66,284.2,284.58,284.88,284.89,284.98,284.99,285.0,285.03,285.04,285.06,100,100,100,500,200,100,700,200,200,100,100,100,200,200,100,100,100,200,100,200
374.0,284.16,75000,21303833.0,284.16,284.15,284.14,283.8,283.79,283.78,283.77,283.76,283.71,283.7,284.2,284.58,284.88,284.89,284.98,284.99,285.0,285.03,285.04,285.06,200,100,100,100,100,100,300,200,100,700,100,100,200,200,100,100,100,200,100,200
375.0,284.2,75100,21332253.0,284.17,284.16,284.15,284.14,283.8,283.78,283.77,283.76,283.71,283.7,284.69,284.88,284.89,284.98,284.99,285.0,285.03,285.04,285.06,285.48,100,200,100,100,100,100,300,200,100,700,100,200,200,100,100,100,200,100,200,200
376.0,284.2,75100,21332253.0,284.17,284.16,284.15,284.14,283.8,283.78,283.77,283.76,283.71,283.7,284.65,284.68,284.88,284.89,284.98,284.99,285.0,285.03,285.04,285.06,100,200,100,100,100,100,300,100,100,700,100,100,200,200,100,100,100,200,100,200
377.0,284.2,75100,21332253.0,284.17,284.16,284.15,283.85,283.8,283.78,283.77,283.76,283.71,283.7,284.65,284.68,284.88,284.89,284.98,284.99,285.0,285.03,285.04,285.06,100,300,100,100,100,100,300,100,100,700,100,100,100,100,100,100,100,200,100,200
378.0,284.2,75100,21332253.0,284.17,284.16,284.15,283.85,283.8,283.78,283.77,283.76,283.71,283.7,284.65,284.68,284.98,284.99,285.0,285.03,285.04,285.06,285.48,285.49,100,300,100,100,100,100,300,100,100,700,100,100,100,100,100,200,100,200,200,200
379.0,284.17,75200,21360670.0,284.16,284.15,283.85,283.8,283.78,283.77,283.76,283.71,283.7,283.69,284.65,284.68,284.98,284.99,285.0,285.03,285.04,285.06,285.48,285.49,300,100,100,100,200,300,100,100,700,200,100,100,100,100,100,200,100,200,200,200
380.0,284.17,75200,21360670.0,284.16,284.15,283.85,283.8,283.78,283.77,283.76,283.71,283.7,283.69,284.65,284.68,284.69,284.98,284.99,285.0,285.03,285.04,285.06,285.48,300,100,100,100,200,300,100,100,700,200,100,100,100,100,100,100,200,100,200,200
381.0,284.17,75200,21360670.0,284.16,284.15,283.85,283.8,283.78,283.77,283.76,283.71,283.7,283.69,284.65,284.68,284.69,284.98,284.99,285.0,285.03,285.04,285.06,285.48,100,100,100,100,200,300,100,100,700,200,100,100,100,100,100,100,200,100,200,200
382.0,284.17,75200,21360670.0,284.17,284.16,284.15,283.85,283.8,283.78,283.77,283.76,283.71,283.7,284.65,284.68,284.69,284.98,284.99,285.0,285.03,285.04,285.06,285.48,100,100,100,100,100,200,300,100,100,700,100,100,100,100,100,100,200,100,200,200
383.0,284.17,75200,21360670.0,284.16,284.15,284.02,283.85,283.8,283.78,283.77,283.76,283.71,283.7,284.64,284.68,284.69,284.98,284.99,285.0,285.03,285.04,285.06,285.48,200,100,100,100,100,200,300,100,100,700,100,100,100,100,100,100,200,100,200,200
384.0,284.16,75300,21389086.0,284.16,284.15,284.02,283.85,283.8,283.78,283.77,283.76,283.71,283.7,284.64,284.68,284.69,284.98,284.99,285.0,285.03,285.04,285.06,285.48,100,100,200,100,100,200,300,100,100,700,100,100,100,100,100,100,200,100,200,200
385.0,284.16,75300,21389086.0,284.16,284.15,284.02,283.85,283.8,283.78,283.77,283.76,283.71,283.7,284.64,284.68,284.69,284.98,284.99,285.0,285.03,285.04,285.06,285.48,100,100,300,100,100,200,300,100,100,700,100,100,100,100,100,100,200,100,200,200
386.0,284.15,75700,21502748.0,284.02,283.85,283.8,283.78,283.77,283.76,283.71,283.7,283.69,283.68,284.64,284.68,284.69,284.98,284.99,285.0,285.03,285.04,285.06,285.48,300,100,100,100,300,100,100,700,200,200,100,100,100,100,100,100,200,100,200,200
387.0,284.15,75700,21502748.0,284.15,284.02,283.85,283.8,283.78,283.77,283.76,283.71,283.7,283.69,284.59,284.64,284.68,284.69,284.98,284.99,285.0,285.03,285.04,285.06,100,300,100,100,100,300,100,100,700,200,100,100,100,100,100,100,100,200,100,200
388.0,284.15,75700,21502748.0,284.15,284.02,283.85,283.8,283.78,283.77,283.76,283.71,283.7,283.69,284.59,284.64,284.68,284.69,284.98,284.99,285.0,285.03,285.04,285.06,100,300,100,100,100,300,100,100,700,200,100,100,100,100,100,100,100,200,100,200
389.0,284.15,75800,21531163.0,284.02,283.85,283.8,283.78,283.77,283.76,283.71,283.7,283.69,283.68,284.15,284.58,284.64,284.68,284.69,284.98,284.99,285.0,285.03,285.04,300,100,100,100,300,100,100,700,200,200,100,100,100,100,100,100,100,100,200,100
390.0,284.15,75900,21559578.0,284.16,284.02,283.85,283.8,283.78,283.77,283.76,283.71,283.7,283.69,284.47,284.58,284.64,284.68,284.69,284.98,284.99,285.0,285.03,285.04,100,300,100,100,100,300,100,100,700,200,100,100,100,100,100,100,100,100,200,100
391.0,284.15,75900,21559578.0,284.16,284.02,283.85,283.8,283.78,283.77,283.76,283.71,283.7,283.69,284.47,284.58,284.64,284.68,284.69,284.98,284.99,285.0,285.03,285.04,100,300,100,100,100,300,100,100,700,200,100,100,100,100,100,100,100,100,200,100
392.0,284.15,75900,21559578.0,284.16,284.02,283.85,283.8,283.78,283.77,283.76,283.71,283.7,283.69,284.47,284.58,284.64,284.68,284.69,284.98,284.99,285.0,285.03,285.04,100,300,100,100,100,300,100,100,700,200,100,100,100,100,100,100,100,100,200,100
393.0,284.15,75900,21559578.0,284.16,284.02,283.85,283.8,283.78,283.77,283.76,283.71,283.7,283.69,284.47,284.51,284.58,284.64,284.68,284.69,284.98,284.99,285.0,285.03,100,300,100,100,100,300,100,100,700,200,100,100,100,100,100,100,100,100,100,200
394.0,284.15,75900,21559578.0,284.16,284.02,284.0,283.85,283.8,283.78,283.77,283.76,283.71,283.7,284.47,284.51,284.58,284.64,284.68,284.69,284.98,284.99,285.0,285.03,100,300,100,100,100,100,300,100,100,700,100,200,100,100,100,100,100,100,100,200
395.0,284.15,75900,21559578.0,284.16,284.02,284.0,283.85,283.8,283.78,283.77,283.76,283.71,283.7,284.47,284.51,284.58,284.64,284.68,284.69,284.98,284.99,285.0,285.03,100,300,100,100,100,100,300,100,100,700,100,200,100,100,100,100,100,100,100,200
396.0,284.15,75900,21559578.0,284.16,284.02,284.0,283.85,283.8,283.78,283.77,283.76,283.71,283.7,284.47,284.51,284.58,284.64,284.68,284.69,284.98,284.99,285.0,285.03,100,300,100,100,100,100,300,100,100,700,100,200,100,100,100,100,100,100,100,200
397.0,284.47,76000,21588025.0,284.16,284.02,284.0,283.85,283.8,283.78,283.77,283.76,283.71,283.7,284.51,284.58,284.64,284.68,284.69,284.98,284.99,285.0,285.03,285.04,100,300,100,100,100,100,300,100,100,700,200,100,100,100,100,100,100,100,200,100
398.0,284.47,76000,21588025.0,284.16,284.02,284.0,283.85,283.8,283.78,283.77,283.76,283.71,283.7,284.51,284.58,284.64,284.68,284.69,284.98,284.99,285.0,285.03,285.04,100,300,100,100,100,100,300,100,100,700,200,100,100,100,100,100,100,100,200,100
399.0,284.47,76000,21588025.0,284.16,284.02,284.0,283.85,283.8,283.78,283.77,283.76,283.71,283.7,284.49,284.51,284.58,284.64,284.68,284.69,284.98,284.99,285.0,285.03,100,300,100,100,100,100,300,100,100,700,100,200,100,100,100,100,100,100,100,200
400.0,284.16,76100,21616441.0,284.02,284.0,283.85,283.8,283.78,283.77,283.76,283.71,283.7,283.69,284.49,284.51,284.58,284.64,284.68,284.69,284.98,284.99,285.0,285.03,300,100,100,100,100,300,100,100,700,200,100,200,100,100,100,100,100,100,100,200
401.0,284.16,76100,21616441.0,284.02,284.0,283.85,283.8,283.78,283.77,283.76,283.71,283.7,283.69,284.49,284.51,284.58,284.64,284.68,284.69,284.98,284.99,285.0,285.03,300,100,100,100,100,300,100,100,700,200,100,200,100,100,100,100,100,100,100,200
402.0,284.16,76100,21616441.0,284.17,284.15,284.02,284.0,283.85,283.8,283.78,283.77,283.76,283.71,284.49,284.51,284.58,284.64,284.68,284.69,284.98,284.99,285.0,285.03,100,100,300,100,100,100,100,300,100,100,100,200,100,100,100,100,100,100,100,200
