LocalTime,LastPrice,TradeVolume,TradeValue,BidPrice1,BidPrice2,BidPrice3,BidPrice4,BidPrice5,BidPrice6,BidPrice7,BidPrice8,BidPrice9,BidPriceA,AskPrice1,AskPrice2,AskPrice3,AskPrice4,AskPrice5,AskPrice6,AskPrice7,AskPrice8,AskPrice9,AskPriceA,BidVolume1,BidVolume2,BidVolume3,BidVolume4,BidVolume5,BidVolume6,BidVolume7,BidVolume8,BidVolume9,BidVolumeA,AskVolume1,AskVolume2,AskVolume3,AskVolume4,AskVolume5,AskVolume6,AskVolume7,AskVolume8,AskVolume9,AskVolumeA
0.0,21.96,26700,586332.0,21.96,21.95,21.93,21.92,21.91,21.9,21.88,21.87,21.86,21.85,21.99,22.0,22.07,22.08,22.09,22.1,22.12,22.13,22.14,22.15,4000,6400,300,3700,3000,2000,3500,200,1000,3100,100,100,1500,2400,1500,1700,300,14000,4300,3400
1.0,22.01,32600,716188.0,22.01,21.98,21.97,21.96,21.95,21.93,21.92,21.91,21.9,21.88,22.07,22.08,22.09,22.1,22.12,22.13,22.14,22.15,22.16,22.17,7000,20000,10000,11600,6400,300,3700,3000,2000,23500,1500,2400,1500,1700,300,14000,4300,3400,1500,7000
2.0,22.01,32600,716188.0,22.01,21.99,21.98,21.97,21.96,21.95,21.93,21.92,21.91,21.9,22.07,22.08,22.09,22.1,22.12,22.13,22.14,22.15,22.16,22.17,7000,500,20000,10000,8600,6400,300,3700,3000,2000,1500,2400,1500,1700,300,14000,4300,3400,1500,7000
3.0,22.01,33100,727193.0,22.02,22.01,21.99,21.98,21.97,21.96,21.95,21.93,21.92,21.91,22.07,22.08,22.09,22.1,22.12,22.13,22.14,22.15,22.16,22.17,200,6500,500,20000,10700,8800,6400,300,3700,3000,1600,2400,1500,1700,300,14000,4300,3400,2500,7000
4.0,22.01,35000,769014.0,22.01,21.99,21.98,21.97,21.96,21.95,21.93,21.92,21.91,21.9,22.05,22.07,22.08,22.09,22.1,22.12,22.13,22.14,22.15,22.16,4800,1700,20000,13300,8800,6400,300,3700,3000,2000,1500,1600,2400,1500,1700,300,14000,4300,3400,2500
5.0,22.01,35600,782220.0,22.01,21.99,21.98,21.97,21.96,21.95,21.93,21.92,21.91,21.9,22.05,22.07,22.08,22.09,22.1,22.12,22.13,22.14,22.15,22.16,4400,1700,20000,13300,9200,6400,300,5700,3000,2000,1500,1600,2000,2500,1700,800,14000,4300,3400,2500
6.0,22.01,36100,793225.0,22.01,21.99,21.98,21.97,21.96,21.95,21.93,21.92,21.91,21.9,22.05,22.07,22.08,22.09,22.1,22.12,22.13,22.14,22.15,22.16,3900,2700,20000,13500,9400,6400,300,5700,3000,2000,1500,1600,2000,2500,1700,800,14000,4300,3400,2500
7.0,22.01,38300,841647.0,22.01,21.99,21.98,21.97,21.96,21.95,21.93,21.92,21.91,21.9,22.05,22.06,22.07,22.08,22.09,22.1,22.12,22.13,22.14,22.15,1700,3400,20000,13500,9400,6500,1300,5700,3000,2000,1500,100,1600,2000,2500,1700,800,14000,4300,3400
8.0,22.01,39600,870300.0,22.01,21.99,21.98,21.97,21.96,21.95,21.93,21.92,21.91,21.9,22.02,22.05,22.06,22.07,22.08,22.09,22.1,22.12,22.13,22.14,1400,3900,20000,13500,10400,6500,1300,5700,4000,2100,100,500,300,1600,2000,2500,1700,800,14000,4300
9.0,22.04,42900,943110.0,22.04,22.01,21.99,21.98,21.97,21.96,21.95,21.93,21.92,21.91,22.06,22.08,22.09,22.1,22.12,22.13,22.14,22.15,22.16,22.17,10500,1400,3900,20000,14000,11100,6600,1300,5700,4100,4100,2000,3000,1700,800,14000,4300,3400,3100,7900
10.0,22.04,66000,1453266.0,22.01,21.99,21.98,21.97,21.96,21.95,21.93,21.92,21.91,21.9,22.04,22.13,22.14,22.15,22.16,22.17,22.18,22.19,22.2,22.21,1400,5800,20000,14000,11100,6600,1300,5800,4100,3500,6000,11000,4300,3700,3100,8900,9700,9500,4800,100
11.0,22.04,66000,1453266.0,22.01,21.99,21.98,21.97,21.96,21.95,21.93,21.92,21.91,21.9,22.04,22.05,22.06,22.07,22.13,22.14,22.15,22.16,22.17,22.18,1400,5800,20000,14100,11100,6600,1300,5800,4100,3500,4700,200,200,100,11000,4300,3700,3100,8900,9700
12.0,22.06,74200,1634062.0,22.06,22.03,22.01,21.99,21.98,21.97,21.96,21.95,21.93,21.92,22.07,22.13,22.14,22.15,22.16,22.17,22.18,22.19,22.2,22.21,700,1000,1400,5800,20100,14100,11100,6600,1300,5800,900,11000,4300,3700,3100,8900,9700,9500,4800,100
13.0,22.07,79800,1757409.0,22.05,22.04,21.99,21.98,21.97,21.96,21.95,21.93,21.92,21.91,22.06,22.07,22.08,22.11,22.13,22.14,22.15,22.16,22.17,22.18,200,200,4500,20100,13900,11100,6600,1300,5800,4100,7000,300,6000,6100,11000,4300,3700,3100,8900,9700
14.0,22.06,82200,1810257.0,22.01,22.0,21.99,21.98,21.97,21.96,21.95,21.93,21.92,21.91,22.04,22.05,22.06,22.07,22.08,22.11,22.13,22.14,22.15,22.16,200,300,4500,20100,13900,11100,6600,1300,5800,4100,200,200,11400,1600,6000,6100,11000,4300,3700,3100
15.0,22.01,82300,1812458.0,22.01,22.0,21.99,21.98,21.97,21.96,21.95,21.93,21.92,21.91,22.04,22.06,22.07,22.08,22.1,22.11,22.13,22.14,22.15,22.16,100,300,4500,20100,13900,11100,6600,1300,5800,4100,500,11400,1600,6000,400,6100,11000,4300,3700,3100
16.0,21.99,84100,1852045.0,21.99,21.98,21.97,21.96,21.95,21.93,21.92,21.91,21.9,21.88,22.03,22.04,22.06,22.07,22.08,22.1,22.11,22.12,22.13,22.14,3100,20100,13900,11100,6600,1300,5800,4100,3500,23400,600,2200,11400,1600,6000,400,3700,300,11000,4300
17.0,21.99,84100,1852045.0,22.01,21.99,21.98,21.97,21.96,21.95,21.93,21.92,21.91,21.9,22.03,22.04,22.06,22.07,22.08,22.1,22.11,22.12,22.13,22.14,86000,3100,20100,13900,11100,6600,1300,5800,4100,3500,600,2200,11400,1600,6000,400,3700,300,11000,4300
18.0,22.01,84200,1854246.0,22.01,21.99,21.98,21.97,21.96,21.95,21.93,21.92,21.91,21.9,22.03,22.04,22.06,22.07,22.08,22.1,22.11,22.12,22.13,22.14,85900,3100,20800,13900,11100,6600,1300,5800,4100,3500,600,2100,11400,1600,6000,400,3700,300,11000,4300
19.0,22.03,85100,1874057.0,22.01,21.99,21.98,21.97,21.96,21.95,21.93,21.92,21.91,21.9,22.03,22.04,22.06,22.07,22.08,22.1,22.11,22.12,22.13,22.14,85100,3100,20800,13900,11100,6600,1300,5800,4100,3500,500,2100,11400,1600,6000,400,3700,300,11000,4300
20.0,22.01,108900,2397922.0,22.01,21.99,21.98,21.97,21.96,21.95,21.93,21.92,21.91,21.9,22.03,22.04,22.06,22.07,22.08,22.1,22.11,22.12,22.13,22.14,63600,3100,20800,13900,11100,6600,1300,5800,4100,3500,1700,2100,11400,1600,6000,400,3700,300,11000,4300
21.0,22.04,128400,2827436.0,22.01,21.99,21.98,21.97,21.96,21.95,21.93,21.92,21.91,21.9,22.03,22.04,22.05,22.06,22.07,22.1,22.11,22.12,22.13,22.14,59300,3100,20800,13900,11100,6600,1300,5800,4100,3500,1000,3300,300,11400,1600,400,4700,300,11000,4300
22.0,22.01,128800,2836240.0,22.01,21.99,21.98,21.97,21.96,21.95,21.93,21.92,21.91,21.9,22.03,22.04,22.05,22.06,22.07,22.1,22.11,22.12,22.13,22.14,59100,2600,20800,13900,11100,6600,1300,5800,4100,3500,1000,3300,300,11400,1600,400,4700,300,11000,4300
23.0,22.01,130700,2878073.0,22.01,21.99,21.98,21.97,21.96,21.95,21.93,21.92,21.91,21.9,22.03,22.04,22.05,22.06,22.07,22.1,22.11,22.12,22.13,22.14,58100,2600,20800,13900,11100,6600,1300,5800,4100,3500,300,3300,300,11300,1600,400,4700,300,11000,4300
24.0,22.02,130800,2880275.0,22.01,22.0,21.99,21.98,21.97,21.96,21.95,21.93,21.92,21.91,22.03,22.04,22.06,22.07,22.1,22.11,22.12,22.13,22.14,22.15,58600,100,2600,20800,13900,11100,6600,1300,5800,4100,2300,3900,4700,1600,400,4700,300,11000,4300,3700
25.0,22.01,140100,3084968.0,22.01,22.0,21.99,21.98,21.97,21.96,21.95,21.93,21.92,21.91,22.03,22.04,22.06,22.07,22.1,22.11,22.12,22.13,22.14,22.15,49300,100,2600,20800,13900,11100,6600,1300,5800,4100,2300,3900,1600,1600,400,4700,300,11000,4300,3700
26.0,22.03,142100,3129014.0,22.01,22.0,21.99,21.98,21.97,21.96,21.95,21.93,21.92,21.91,22.03,22.04,22.06,22.07,22.1,22.11,22.12,22.13,22.14,22.15,48700,100,1300,20800,13900,11100,6600,1300,5800,4100,1100,3900,1600,1600,400,4700,300,11000,4300,3700
27.0,22.03,142100,3129014.0,22.01,22.0,21.99,21.98,21.97,21.96,21.95,21.93,21.92,21.91,22.03,22.04,22.06,22.07,22.1,22.11,22.12,22.13,22.14,22.15,47700,100,1300,20800,13900,11100,6600,1300,5800,4100,1100,3900,1600,1600,400,4700,300,11000,4300,3700
28.0,22.01,142800,3144421.0,22.01,22.0,21.99,21.98,21.97,21.96,21.95,21.93,21.92,21.91,22.03,22.04,22.06,22.07,22.1,22.11,22.12,22.13,22.14,22.15,47000,100,1300,20800,13900,11100,6600,1300,5800,4100,1100,3900,1600,1600,400,4700,300,11000,4300,3700
29.0,22.03,142900,3146624.0,22.02,22.01,22.0,21.99,21.98,21.97,21.96,21.95,21.93,21.92,22.03,22.04,22.06,22.07,22.1,22.11,22.12,22.13,22.14,22.15,100,46900,100,1300,20800,13900,11100,7500,1300,5800,1000,3900,1600,1600,400,4700,300,11000,4300,3700
30.0,22.02,147600,3250099.0,22.01,22.0,21.99,21.98,21.97,21.96,21.95,21.93,21.92,21.91,22.03,22.04,22.06,22.07,22.1,22.11,22.12,22.13,22.14,22.15,44900,100,1300,20800,13900,11100,7500,1300,5800,4100,4100,3900,1600,1600,400,4700,300,11000,4300,3700
31.0,22.01,147900,3256706.0,22.01,22.0,21.99,21.98,21.97,21.96,21.95,21.93,21.92,21.91,22.03,22.04,22.06,22.07,22.1,22.11,22.12,22.13,22.14,22.15,44800,100,1300,20800,13900,10100,7500,1300,5800,4100,4500,3900,1600,1600,400,4700,300,11000,4300,3700
32.0,22.02,179200,3945639.0,22.02,22.01,22.0,21.99,21.98,21.97,21.96,21.95,21.93,21.92,22.03,22.04,22.06,22.07,22.1,22.11,22.12,22.13,22.14,22.15,1700,15100,100,1300,20800,13900,10100,7500,1300,5800,4100,3700,1600,1600,400,4700,300,11000,4300,3700
33.0,22.0,196200,4319827.0,22.0,21.99,21.98,21.97,21.96,21.95,21.93,21.92,21.91,21.9,22.01,22.02,22.03,22.04,22.06,22.07,22.1,22.11,22.12,22.13,2800,1300,20800,13900,10100,7500,1300,5800,4100,3500,100,4700,5800,3700,1600,1600,400,4700,300,11000
34.0,22.03,207300,4564201.0,21.99,21.98,21.97,21.96,21.95,21.93,21.92,21.91,21.9,21.88,22.03,22.04,22.06,22.07,22.09,22.1,22.11,22.12,22.13,22.14,1300,20800,13900,10100,7500,1300,5800,4100,3500,23400,4900,3700,1600,1600,1500,400,4700,300,11000,4300
35.0,22.01,208200,4584018.0,21.99,21.98,21.97,21.96,21.95,21.93,21.92,21.91,21.9,21.88,22.03,22.04,22.06,22.07,22.09,22.1,22.11,22.12,22.13,22.14,1200,20800,13900,10100,7500,1300,5800,4100,3500,23400,4300,3700,1600,1600,1500,400,4700,300,11000,4300
36.0,22.01,208200,4584018.0,21.99,21.98,21.97,21.96,21.95,21.93,21.92,21.91,21.9,21.88,22.03,22.04,22.06,22.07,22.09,22.1,22.11,22.12,22.13,22.14,1200,20800,13900,10100,7500,1300,5800,4100,3500,23400,6000,3700,1600,1600,1500,400,4700,300,11000,4300
37.0,21.98,220300,4850053.0,21.98,21.97,21.96,21.95,21.93,21.92,21.91,21.9,21.88,21.87,22.03,22.04,22.06,22.07,22.09,22.1,22.11,22.12,22.13,22.14,11200,13900,10100,7500,1300,5800,4100,3500,23400,10200,4700,3700,1600,1600,1500,400,4700,300,11000,4300
38.0,21.98,221300,4872033.0,21.98,21.97,21.96,21.95,21.93,21.92,21.91,21.9,21.88,21.87,22.03,22.04,22.06,22.07,22.09,22.1,22.11,22.12,22.13,22.14,10300,13900,10100,7500,1300,5800,4100,3500,23400,10200,4700,3700,1600,1600,1500,400,4700,300,11000,4300
39.0,22.03,222100,4889645.0,21.99,21.98,21.97,21.96,21.95,21.93,21.92,21.91,21.9,21.88,22.03,22.04,22.06,22.07,22.09,22.1,22.11,22.12,22.13,22.14,4500,10300,13900,10100,7500,1300,5800,4100,3500,23400,4200,3700,1600,1600,1500,400,4700,300,11000,4300
40.0,21.99,226000,4975406.0,21.99,21.98,21.97,21.96,21.95,21.93,21.92,21.91,21.9,21.88,22.03,22.04,22.06,22.07,22.09,22.1,22.11,22.12,22.13,22.14,1000,10300,14000,10100,7500,1300,5800,4100,3500,23400,4200,3700,1600,1600,1500,400,4700,300,11000,4300
41.0,22.04,231600,5098788.0,22.03,22.01,22.0,21.99,21.98,21.97,21.96,21.95,21.93,21.92,22.04,22.05,22.06,22.07,22.09,22.1,22.11,22.12,22.13,22.14,2600,500,300,1100,10200,14000,10100,7500,1300,5800,2400,100,1600,1600,1500,400,4700,300,11000,4300
42.0,22.05,235400,5182567.0,22.04,22.03,21.99,21.98,21.97,21.96,21.95,21.93,21.92,21.91,22.06,22.07,22.09,22.1,22.11,22.12,22.13,22.14,22.15,22.16,10600,800,1100,10200,14000,10100,7500,1300,5800,4100,1600,1600,1500,400,4700,300,11000,4300,3700,3100
43.0,22.05,240100,5286239.0,22.05,22.04,21.99,21.98,21.97,21.96,21.95,21.93,21.92,21.91,22.07,22.09,22.1,22.11,22.12,22.13,22.14,22.15,22.16,22.17,200,10500,2400,10200,14000,10100,7500,1300,5800,4100,100,1500,400,4700,300,11000,4300,3700,3100,8900
44.0,22.06,242800,5345857.0,22.06,22.05,22.04,21.99,21.98,21.97,21.96,21.95,21.93,21.92,22.1,22.11,22.12,22.13,22.14,22.15,22.16,22.17,22.18,22.19,1100,400,10300,3400,10200,14000,10100,7500,1300,5800,300,3700,300,11000,4300,3700,3100,8900,9700,9500
45.0,22.11,244600,5385652.0,22.07,22.06,22.05,22.04,22.03,21.99,21.98,21.97,21.96,21.95,22.11,22.12,22.13,22.14,22.15,22.16,22.17,22.18,22.19,22.2,200,1100,400,10200,1700,3400,10200,14000,10100,7500,2200,300,11000,4300,3700,3100,8900,9700,9500,4800
46.0,22.09,248300,5467276.0,22.09,22.05,22.04,22.03,21.99,21.98,21.97,21.96,21.95,21.93,22.11,22.12,22.13,22.14,22.15,22.16,22.17,22.18,22.19,22.2,100,1000,8800,1700,3400,10200,14000,10100,7500,1300,2000,300,11000,4300,3700,3100,8900,9700,9500,4800
47.0,22.09,249600,5496017.0,22.05,22.04,22.03,21.99,21.98,21.97,21.96,21.95,21.93,21.92,22.11,22.12,22.13,22.14,22.15,22.16,22.17,22.18,22.19,22.2,1000,8800,2700,3400,10200,14000,10100,7500,1300,5800,800,300,11000,4300,3700,3100,8900,9700,9500,4800
48.0,22.09,249600,5496017.0,22.1,22.05,22.04,22.03,21.99,21.98,21.97,21.96,21.95,21.93,22.11,22.12,22.13,22.14,22.15,22.16,22.17,22.18,22.19,22.2,3200,1000,8800,2700,3400,10200,14000,10100,7500,1300,800,300,11000,4300,3700,3100,8900,9700,9500,4800
49.0,22.1,251300,5533587.0,22.1,22.05,22.04,22.03,21.99,21.98,21.97,21.96,21.95,21.93,22.11,22.12,22.13,22.14,22.15,22.16,22.17,22.18,22.19,22.2,1600,1000,8800,2700,3700,10200,14000,10100,7500,1300,800,300,11000,4300,3700,3100,8900,9700,9500,4800
50.0,22.11,251900,5546853.0,22.1,22.05,22.04,22.03,21.99,21.98,21.97,21.96,21.95,21.93,22.11,22.12,22.13,22.14,22.15,22.16,22.17,22.18,22.19,22.2,1200,1000,8800,2700,3700,10200,14000,10100,7500,1300,200,300,11000,4300,3700,3100,8900,9700,9500,4800
51.0,22.11,252500,5560122.0,22.1,22.05,22.04,22.03,22.0,21.99,21.98,21.97,21.96,21.95,22.13,22.14,22.15,22.16,22.17,22.18,22.19,22.2,22.21,22.22,1500,1000,8800,2700,1100,3700,10200,14000,10100,7500,11000,4300,3700,3100,8900,9700,9500,4800,100,2700
52.0,22.11,255800,5633104.0,22.11,22.1,22.07,22.06,22.05,22.04,22.03,22.0,21.99,21.98,22.13,22.14,22.15,22.16,22.17,22.18,22.19,22.2,22.21,22.22,300,200,500,1600,1000,8800,2700,1100,3700,10200,9600,4300,3700,3100,8900,9700,9500,4800,100,2700
53.0,22.13,256600,5650808.0,22.11,22.1,22.07,22.06,22.05,22.04,22.03,22.0,21.99,21.98,22.13,22.14,22.15,22.16,22.17,22.18,22.19,22.2,22.21,22.22,1300,300,700,1600,1000,8800,2700,1100,3600,10200,8800,4300,3700,3100,8900,9700,9500,4800,100,2700
54.0,22.14,266900,5878745.0,22.13,22.12,22.11,22.1,22.07,22.06,22.05,22.04,22.03,22.0,22.14,22.15,22.16,22.17,22.18,22.19,22.2,22.21,22.22,22.23,1600,100,1400,300,700,1600,1000,8800,2700,1100,4100,3700,3100,8900,9700,9500,4800,100,2700,200
55.0,22.11,268700,5918576.0,22.11,22.1,22.07,22.06,22.05,22.04,22.03,22.0,21.99,21.98,22.13,22.14,22.15,22.16,22.17,22.18,22.19,22.2,22.21,22.22,1900,300,700,1600,1000,8800,2700,1100,3600,10200,200,4100,3700,3100,8900,9700,9500,4800,100,2700
56.0,22.11,269500,5936264.0,22.11,22.1,22.07,22.06,22.05,22.04,22.03,22.0,21.99,21.98,22.13,22.14,22.15,22.16,22.17,22.18,22.19,22.2,22.21,22.22,2300,200,700,1600,1000,8800,12700,1100,3600,10200,200,4100,3700,3100,8900,9700,9500,4800,100,2700
57.0,22.13,269700,5940690.0,22.11,22.1,22.07,22.06,22.05,22.04,22.03,22.0,21.99,21.98,22.12,22.14,22.15,22.16,22.17,22.18,22.19,22.2,22.21,22.22,2300,200,700,1600,1000,8800,12700,1100,3600,10200,1000,4100,3700,3100,8900,9700,9500,4800,100,2700
58.0,22.08,274100,6037958.0,22.09,22.08,22.07,22.06,22.05,22.04,22.03,22.0,21.99,21.98,22.14,22.15,22.16,22.17,22.18,22.19,22.2,22.21,22.22,22.23,900,4400,1100,1600,1000,8500,12700,1100,3600,10200,4100,3700,3100,8900,9700,9500,4800,100,2700,200
59.0,22.08,274100,6037958.0,22.1,22.09,22.08,22.07,22.06,22.05,22.04,22.03,22.0,21.99,22.11,22.14,22.15,22.16,22.17,22.18,22.19,22.2,22.21,22.22,100,400,4400,1100,1600,1000,8500,12700,1100,3600,1100,4100,3700,3100,8900,9700,9500,4800,100,2700
60.0,22.11,274600,6049013.0,22.1,22.09,22.08,22.07,22.06,22.05,22.04,22.03,22.0,21.99,22.11,22.14,22.15,22.16,22.17,22.18,22.19,22.2,22.21,22.22,100,400,4400,1100,1600,1000,8500,12700,1100,3600,600,4100,3700,3100,8900,9700,9500,4800,100,2700
61.0,22.12,277700,6117560.0,22.08,22.07,22.06,22.05,22.04,22.03,22.0,21.99,21.98,21.97,22.12,22.14,22.15,22.16,22.17,22.18,22.19,22.2,22.21,22.22,4000,1100,1600,1000,500,12700,1100,3600,10200,14000,300,4100,3700,3100,8900,9700,9500,4800,100,2700
62.0,22.08,278100,6126392.0,22.08,22.07,22.06,22.05,22.04,22.03,22.0,21.99,21.98,21.97,22.11,22.12,22.13,22.14,22.15,22.16,22.17,22.18,22.19,22.2,3600,200,1600,1000,500,12700,1100,3600,10200,14000,1200,1300,300,4200,9100,3100,8900,9700,9500,4800
63.0,22.12,280300,6175040.0,22.08,22.07,22.06,22.05,22.04,22.03,22.0,21.99,21.98,21.97,22.11,22.12,22.13,22.14,22.15,22.16,22.17,22.18,22.19,22.2,3600,200,1600,1000,500,12700,1100,3600,11200,14000,3100,6700,400,4200,9100,3100,8900,9700,9500,4800
64.0,22.08,284900,6276727.0,22.08,22.07,22.06,22.04,22.03,22.0,21.99,21.98,21.97,21.96,22.11,22.12,22.13,22.14,22.15,22.16,22.17,22.18,22.19,22.2,3000,200,1600,500,12700,1100,3600,11200,14000,10100,300,6800,600,6400,10100,3100,8900,9700,9500,4800
65.0,22.08,285200,6283351.0,22.08,22.07,22.06,22.04,22.03,22.0,21.99,21.98,21.97,21.96,22.1,22.11,22.12,22.13,22.14,22.15,22.16,22.17,22.18,22.19,2800,200,1600,500,12700,1100,3600,11200,14000,10100,100,300,6900,600,6400,10100,3100,8900,9700,9500
66.0,22.08,285700,6294391.0,22.08,22.07,22.06,22.04,22.03,22.0,21.99,21.98,21.97,21.96,22.1,22.11,22.12,22.13,22.14,22.15,22.16,22.17,22.18,22.19,4900,200,3000,500,12700,1100,3600,11200,14000,10100,300,300,6900,900,6400,10100,3100,8900,9700,9500
67.0,22.1,287600,6336349.0,22.08,22.07,22.06,22.04,22.03,22.0,21.99,21.98,21.97,21.96,22.11,22.12,22.13,22.14,22.15,22.16,22.17,22.18,22.19,22.2,3300,300,3000,500,12700,1100,3600,11200,14000,10100,300,6900,1200,6400,10100,3100,8900,9700,9500,4800
68.0,22.11,288100,6347395.0,22.08,22.07,22.06,22.04,22.03,22.0,21.99,21.98,21.97,21.96,22.11,22.12,22.13,22.14,22.15,22.16,22.17,22.18,22.19,22.2,3000,300,3000,500,12700,1100,3600,11200,14000,10100,100,6900,1200,6300,10100,3100,8900,9700,9500,4800
69.0,22.1,288200,6349605.0,22.08,22.07,22.06,22.04,22.03,22.0,21.99,21.98,21.97,21.96,22.1,22.11,22.12,22.13,22.14,22.15,22.16,22.17,22.18,22.19,3700,300,3400,500,12700,1100,2300,11200,14000,10100,100,1700,6900,1200,6300,10100,4100,8900,9700,9500
70.0,22.1,288200,6349605.0,22.08,22.07,22.06,22.04,22.03,22.0,21.99,21.98,21.97,21.96,22.1,22.11,22.12,22.13,22.14,22.15,22.16,22.17,22.18,22.19,5700,300,3400,500,12700,1100,2300,11200,14000,10100,100,1600,6900,1200,6300,10100,4100,8900,9700,9500
71.0,22.08,288600,6358437.0,22.09,22.08,22.07,22.06,22.04,22.03,22.0,21.99,21.98,21.97,22.1,22.11,22.12,22.13,22.14,22.15,22.16,22.17,22.18,22.19,100,5300,300,3400,500,11700,1100,2300,11200,14000,200,1600,6900,2200,6300,10500,4100,8900,9700,9500
72.0,22.12,292600,6446895.0,22.09,22.08,22.07,22.06,22.04,22.03,22.0,21.99,21.98,21.97,22.11,22.12,22.13,22.14,22.15,22.16,22.17,22.18,22.19,22.2,9300,5300,300,3400,500,11700,2100,2300,11200,14000,3400,4800,2200,6300,10500,4100,8900,9700,9500,4800
73.0,22.12,302100,6656971.0,22.12,22.09,22.08,22.07,22.06,22.04,22.03,22.0,21.99,21.98,22.13,22.14,22.15,22.16,22.17,22.18,22.19,22.2,22.21,22.22,13400,8900,5300,300,3400,500,11700,2200,2300,11200,2200,6300,10500,4100,8900,9700,9500,4800,100,2700
74.0,22.13,302800,6672462.0,22.12,22.11,22.1,22.09,22.08,22.07,22.06,22.04,22.03,22.0,22.13,22.14,22.15,22.16,22.17,22.18,22.19,22.2,22.21,22.22,13400,300,600,2000,5300,300,3400,500,11700,2200,1500,6300,10500,4100,8900,9700,9500,4800,100,2700
75.0,22.12,307200,6769821.0,22.13,22.12,22.11,22.1,22.09,22.08,22.07,22.06,22.04,22.03,22.14,22.15,22.16,22.17,22.18,22.19,22.2,22.21,22.22,22.23,3000,12400,400,2700,2000,5300,300,3400,500,11700,6300,10500,4100,8900,9700,9500,4800,100,2700,200
76.0,22.13,308400,6796382.0,22.13,22.12,22.11,22.1,22.09,22.08,22.07,22.06,22.04,22.03,22.14,22.15,22.16,22.17,22.18,22.19,22.2,22.21,22.22,22.23,2400,12300,500,2700,2100,5300,300,3400,500,11700,5800,10500,4100,8900,9700,9500,4800,100,2700,200
77.0,22.15,325200,7168436.0,22.15,22.14,22.13,22.12,22.11,22.1,22.09,22.08,22.07,22.06,22.16,22.17,22.18,22.19,22.2,22.21,22.22,22.23,22.25,22.26,2200,4100,2000,12300,300,2700,2100,5600,200,3400,4100,8900,9700,9500,4800,100,2700,200,14600,1500
78.0,22.16,329100,7254853.0,22.15,22.14,22.13,22.12,22.11,22.1,22.09,22.08,22.07,22.06,22.16,22.17,22.18,22.19,22.2,22.21,22.22,22.23,22.25,22.26,1600,4200,2000,12300,100,2600,2100,5600,200,3400,900,8900,9700,9500,4800,100,2700,200,14600,1500
79.0,22.14,333200,7345686.0,22.14,22.13,22.12,22.11,22.1,22.09,22.08,22.07,22.06,22.05,22.17,22.18,22.19,22.2,22.21,22.22,22.23,22.25,22.26,22.27,1400,2100,12100,100,2600,2100,5600,200,3400,500,8800,9700,9500,4800,100,2700,200,14600,1500,17500
80.0,22.17,333300,7347903.0,22.16,22.14,22.13,22.12,22.11,22.1,22.09,22.08,22.07,22.06,22.17,22.18,22.19,22.2,22.21,22.22,22.23,22.25,22.26,22.27,2700,1400,2100,12100,100,2600,2100,5600,200,3400,10800,9700,9500,4800,100,2700,200,14600,1500,17500
81.0,22.16,334200,7367849.0,22.16,22.14,22.13,22.12,22.11,22.1,22.09,22.08,22.07,22.06,22.17,22.18,22.19,22.2,22.21,22.22,22.23,22.25,22.26,22.27,2000,1400,2100,12100,100,2600,2100,5600,200,3400,10600,9700,9500,4800,100,2700,200,14600,1500,17500
82.0,22.12,342600,7553814.0,22.13,22.12,22.11,22.1,22.09,22.08,22.07,22.06,22.05,22.03,22.16,22.17,22.18,22.19,22.2,22.21,22.22,22.23,22.25,22.26,1900,10400,100,2100,2100,5600,200,3400,500,11700,3200,10500,9700,11000,4800,100,2700,200,14600,1500
83.0,22.12,342600,7553814.0,22.14,22.13,22.12,22.11,22.1,22.09,22.08,22.07,22.06,22.05,22.16,22.17,22.18,22.19,22.2,22.21,22.22,22.23,22.25,22.26,300,1900,10400,100,2100,2100,5600,200,3400,500,3400,10500,9700,11000,4800,100,2700,200,14600,1500
84.0,22.12,342600,7553814.0,22.14,22.13,22.12,22.11,22.1,22.09,22.08,22.07,22.06,22.05,22.16,22.17,22.18,22.19,22.2,22.21,22.22,22.23,22.25,22.26,300,1900,10400,100,2100,2100,5600,200,3400,500,3400,10500,9700,11000,4800,100,2400,200,14600,1500
85.0,22.13,344400,7593651.0,22.13,22.12,22.11,22.1,22.09,22.08,22.07,22.06,22.05,22.03,22.14,22.16,22.17,22.18,22.19,22.2,22.21,22.22,22.23,22.25,400,10400,100,2100,2100,5600,200,3400,500,11700,100,5600,10500,9700,11000,4600,100,2400,200,14600
86.0,22.16,344900,7604729.0,22.13,22.12,22.11,22.1,22.09,22.08,22.07,22.06,22.05,22.03,22.15,22.16,22.17,22.18,22.19,22.2,22.21,22.22,22.23,22.25,400,10400,600,3100,2100,5600,200,3400,500,11700,400,6200,10500,9700,11000,4600,100,2400,200,14600
87.0,22.16,344900,7604729.0,22.13,22.12,22.11,22.1,22.09,22.08,22.07,22.06,22.05,22.03,22.15,22.16,22.17,22.18,22.19,22.2,22.21,22.22,22.23,22.25,400,10400,600,3100,2100,5600,200,3400,500,12800,400,9000,10500,10200,11000,4600,100,2400,200,14600
88.0,22.12,345400,7615793.0,22.12,22.11,22.1,22.09,22.08,22.07,22.06,22.05,22.03,22.0,22.15,22.16,22.17,22.18,22.19,22.2,22.21,22.22,22.23,22.25,10300,500,3100,2100,5600,200,3400,500,11700,2200,400,9000,10500,20200,11000,4600,100,2400,200,14600
89.0,22.12,345400,7615793.0,22.12,22.11,22.1,22.09,22.08,22.07,22.06,22.05,22.03,22.0,22.15,22.16,22.17,22.18,22.19,22.2,22.21,22.22,22.23,22.25,10300,500,3100,2100,5600,200,3400,500,11700,1100,400,9000,10500,20200,11000,4600,100,2400,200,14600
90.0,22.13,346200,7633499.0,22.12,22.11,22.1,22.09,22.08,22.07,22.06,22.05,22.03,22.0,22.13,22.15,22.16,22.17,22.18,22.19,22.2,22.21,22.22,22.23,10300,500,3100,2100,5600,200,3400,500,11700,1100,400,300,9000,10500,20200,11000,5800,100,2400,200
91.0,22.13,346800,7646773.0,22.12,22.11,22.1,22.09,22.08,22.07,22.06,22.05,22.03,22.0,22.13,22.15,22.16,22.17,22.18,22.19,22.2,22.21,22.22,22.23,9900,500,3100,2100,5600,200,3400,500,11700,1100,200,300,10000,12500,20200,11000,5800,100,2400,200
92.0,22.13,347000,7651199.0,22.13,22.12,22.11,22.1,22.09,22.08,22.07,22.06,22.05,22.03,22.15,22.16,22.17,22.18,22.19,22.2,22.21,22.22,22.23,22.25,300,10000,500,3100,2100,5600,200,3400,500,11700,300,9800,12500,20200,11000,6800,100,2400,200,14600
93.0,22.15,347100,7653414.0,22.13,22.12,22.11,22.1,22.09,22.08,22.07,22.06,22.05,22.03,22.15,22.16,22.17,22.18,22.19,22.2,22.21,22.22,22.23,22.25,700,10000,500,3100,2100,5600,200,3400,500,11700,500,9800,12500,20200,11000,6800,100,2400,200,14600
94.0,22.15,347100,7653414.0,22.14,22.13,22.12,22.11,22.1,22.09,22.08,22.07,22.06,22.05,22.15,22.16,22.17,22.18,22.19,22.2,22.21,22.22,22.23,22.25,100,1900,10000,500,3100,2100,5600,200,3400,500,500,9800,12500,20200,11000,6800,100,2400,200,14600
95.0,22.15,347200,7655629.0,22.14,22.13,22.12,22.11,22.1,22.09,22.08,22.07,22.06,22.05,22.15,22.16,22.17,22.18,22.19,22.2,22.21,22.22,22.23,22.25,100,2000,10000,500,3100,2100,5600,200,3400,500,1900,9800,12500,20200,11000,6800,100,2400,200,14600
96.0,22.15,347500,7662274.0,22.14,22.13,22.12,22.11,22.1,22.09,22.08,22.07,22.06,22.05,22.15,22.16,22.17,22.18,22.19,22.2,22.21,22.22,22.23,22.25,100,2000,9900,500,3100,2100,5600,200,3400,500,5200,12800,12500,20200,11000,6800,100,2400,200,14600
97.0,22.13,350000,7717600.0,22.13,22.12,22.11,22.1,22.09,22.08,22.07,22.06,22.05,22.03,22.15,22.16,22.17,22.18,22.19,22.2,22.21,22.22,22.23,22.25,5900,9900,500,3100,2100,5600,200,3400,500,11700,5200,12800,12500,20200,11000,6800,100,2400,200,14600
98.0,22.13,350900,7737517.0,22.13,22.12,22.11,22.1,22.09,22.08,22.07,22.06,22.05,22.03,22.14,22.15,22.16,22.17,22.18,22.19,22.2,22.21,22.22,22.23,5100,9900,500,3100,2100,5600,200,3400,500,11700,500,5800,12800,12500,20200,11000,6800,100,2400,900
99.0,22.13,350900,7737517.0,22.13,22.12,22.11,22.1,22.09,22.08,22.07,22.06,22.05,22.03,22.14,22.15,22.16,22.17,22.18,22.19,22.2,22.21,22.22,22.23,7100,9900,500,3100,2100,5600,200,3400,500,11700,500,8000,12800,12500,20200,11000,6800,100,2400,900
100.0,22.16,367800,8111904.0,22.13,22.12,22.11,22.1,22.09,22.08,22.07,22.06,22.05,22.03,22.16,22.17,22.18,22.19,22.2,22.21,22.22,22.23,22.25,22.26,6400,9900,500,3100,2100,5600,200,3400,500,11700,5400,12500,20200,11000,6800,100,2400,900,14600,1500
101.0,22.14,368700,8131826.0,22.13,22.12,22.11,22.1,22.09,22.08,22.07,22.06,22.05,22.03,22.14,22.16,22.17,22.18,22.19,22.2,22.21,22.22,22.23,22.25,6000,9900,500,3100,2100,5700,200,3400,500,11700,900,5400,12500,20200,11000,6800,100,2400,900,14600
102.0,22.14,368800,8134040.0,22.13,22.12,22.11,22.1,22.09,22.08,22.07,22.06,22.05,22.03,22.14,22.16,22.17,22.18,22.19,22.2,22.21,22.22,22.23,22.25,4600,9900,500,3100,2100,5700,200,3400,500,11700,800,5400,12600,20200,11000,6800,100,2400,900,14100
103.0,22.13,370300,8167247.0,22.13,22.12,22.11,22.1,22.09,22.08,22.07,22.06,22.05,22.03,22.14,22.16,22.17,22.18,22.19,22.2,22.21,22.22,22.23,22.25,4100,9900,500,3100,2100,5700,200,3400,500,11700,100,5400,13500,20200,13600,6800,100,2400,900,14100
104.0,22.14,371200,8187165.0,22.13,22.12,22.11,22.1,22.09,22.08,22.07,22.06,22.05,22.03,22.14,22.15,22.16,22.17,22.18,22.19,22.2,22.21,22.22,22.23,3500,9900,500,3100,2100,5700,200,3400,500,11700,100,1400,5400,13500,20200,13600,6800,100,2400,900
105.0,22.14,371300,8189379.0,22.13,22.12,22.11,22.1,22.09,22.08,22.07,22.06,22.05,22.03,22.15,22.16,22.17,22.18,22.19,22.2,22.21,22.22,22.23,22.25,3500,9900,500,3100,2100,5700,200,3400,500,11700,1400,5400,13500,20200,13600,6800,100,2400,900,14600
106.0,22.13,374800,8266834.0,22.13,22.12,22.11,22.1,22.09,22.08,22.07,22.06,22.05,22.03,22.15,22.16,22.17,22.18,22.19,22.2,22.21,22.22,22.23,22.25,300,9900,500,3100,2100,5700,200,3400,500,11700,1400,5400,13500,20200,13600,6800,100,2600,900,14600
107.0,22.13,374900,8269047.0,22.13,22.12,22.11,22.1,22.09,22.08,22.07,22.06,22.05,22.03,22.14,22.15,22.16,22.17,22.18,22.19,22.2,22.21,22.22,22.23,200,9900,500,3100,2100,5700,200,3400,500,11700,200,1400,5400,13500,20200,13600,6800,100,2600,900
108.0,22.13,375000,8271260.0,22.13,22.12,22.11,22.1,22.09,22.08,22.07,22.06,22.05,22.03,22.14,22.15,22.16,22.17,22.18,22.19,22.2,22.21,22.22,22.23,100,9900,500,3100,2100,5700,200,3400,500,11700,200,2300,5400,13500,20200,13600,6800,100,2600,900
109.0,22.12,376000,8293381.0,22.12,22.11,22.1,22.09,22.08,22.07,22.06,22.05,22.03,22.0,22.13,22.14,22.15,22.16,22.17,22.18,22.19,22.2,22.21,22.22,9000,500,3100,2100,5700,200,3400,500,11700,1100,2100,200,2300,5400,13500,20200,13600,7800,100,2600
110.0,22.12,376000,8293381.0,22.12,22.11,22.1,22.09,22.08,22.07,22.06,22.05,22.03,22.0,22.13,22.14,22.15,22.16,22.17,22.18,22.19,22.2,22.21,22.22,9000,500,3100,2100,5700,200,3400,500,11700,1100,2600,200,2300,5400,13500,20200,13600,7800,100,2600
111.0,22.12,377700,8330985.0,22.12,22.11,22.1,22.09,22.08,22.07,22.06,22.05,22.03,22.0,22.13,22.14,22.15,22.16,22.17,22.18,22.19,22.2,22.21,22.22,7300,500,3100,2100,5700,200,3400,500,11700,1100,2700,200,7000,5900,13500,20200,13600,7800,100,2600
112.0,22.13,378500,8348689.0,22.12,22.11,22.1,22.09,22.08,22.07,22.06,22.05,22.03,22.0,22.13,22.14,22.15,22.16,22.17,22.18,22.19,22.2,22.21,22.22,7300,500,3100,2100,5700,200,3400,500,11700,1100,1900,700,7800,6900,13500,20200,13600,7800,100,2600
113.0,22.13,380300,8388520.0,22.12,22.11,22.1,22.09,22.08,22.07,22.06,22.05,22.03,22.0,22.13,22.14,22.15,22.16,22.17,22.18,22.19,22.2,22.21,22.22,7000,500,3100,2100,5700,200,3400,500,11700,2100,700,700,8500,7400,13500,20200,13600,7800,100,2600
114.0,22.12,380700,8397368.0,22.12,22.11,22.1,22.09,22.08,22.07,22.06,22.05,22.03,22.0,22.13,22.14,22.15,22.16,22.17,22.18,22.19,22.2,22.21,22.22,9000,500,3100,2100,5700,200,3100,500,11700,2100,2200,700,8500,7400,13500,20200,13600,7800,100,2600
115.0,22.12,380700,8397368.0,22.12,22.11,22.1,22.09,22.08,22.07,22.06,22.05,22.03,22.0,22.13,22.14,22.15,22.16,22.17,22.18,22.19,22.2,22.21,22.22,9000,500,3100,2100,5700,200,3100,500,11700,2100,2400,800,8500,7400,13500,20200,13600,7800,100,2600
116.0,22.12,386300,8521242.0,22.12,22.11,22.1,22.09,22.08,22.07,22.06,22.05,22.03,22.0,22.13,22.14,22.15,22.16,22.17,22.18,22.19,22.2,22.21,22.22,3600,500,3100,2100,5700,200,3100,500,11700,2100,2400,800,8500,7400,13700,20200,13600,7800,100,2600
117.0,22.12,387900,8556637.0,22.12,22.11,22.1,22.09,22.08,22.07,22.06,22.05,22.03,22.0,22.13,22.14,22.15,22.16,22.17,22.18,22.19,22.2,22.21,22.22,2300,3500,3100,2100,5700,200,1900,500,11700,2100,2100,800,8500,7400,13700,20200,13600,7800,100,2600
118.0,22.12,390300,8609746.0,22.12,22.11,22.1,22.09,22.08,22.07,22.06,22.05,22.03,22.0,22.13,22.14,22.15,22.16,22.17,22.18,22.19,22.2,22.21,22.22,2200,3500,3100,2100,5700,200,1900,500,11700,2100,400,2000,8500,7800,13700,20200,13600,7800,100,2600
119.0,22.14,391500,8636310.0,22.13,22.12,22.11,22.1,22.09,22.08,22.07,22.06,22.05,22.03,22.14,22.15,22.16,22.17,22.18,22.19,22.2,22.21,22.22,22.23,4000,2200,3500,3100,2100,5700,200,1900,500,11700,2200,8500,7800,13700,20200,13600,7800,100,4500,900
120.0,22.13,395500,8724830.0,22.12,22.11,22.1,22.09,22.08,22.07,22.06,22.05,22.03,22.0,22.13,22.14,22.15,22.16,22.17,22.18,22.19,22.2,22.21,22.22,2200,3500,3100,2100,5700,200,1900,500,11700,2100,700,2200,8500,7800,13700,20200,13600,7800,100,4500
121.0,22.11,397800,8775705.0,22.11,22.1,22.09,22.08,22.07,22.06,22.05,22.03,22.0,21.99,22.13,22.14,22.15,22.16,22.17,22.18,22.19,22.2,22.21,22.22,3400,3100,2100,5700,200,1900,500,11700,2100,700,5300,2200,8500,7800,13700,20200,13600,7800,100,4500
122.0,22.11,397800,8775705.0,22.11,22.1,22.09,22.08,22.07,22.06,22.05,22.03,22.0,21.99,22.13,22.14,22.15,22.16,22.17,22.18,22.19,22.2,22.21,22.22,3400,3100,2100,5700,200,1900,500,11700,2100,700,5300,2200,8500,7800,13700,20200,13600,7800,100,4500
123.0,22.11,398400,8788971.0,22.11,22.1,22.09,22.08,22.07,22.06,22.05,22.03,22.0,21.99,22.13,22.14,22.15,22.16,22.17,22.18,22.19,22.2,22.21,22.22,2800,3100,2100,5700,200,1900,500,11700,2100,700,5600,2200,8500,7800,13700,20200,13600,7800,100,4500
124.0,22.11,399900,8822136.0,22.12,22.11,22.1,22.09,22.08,22.07,22.06,22.05,22.03,22.0,22.13,22.14,22.15,22.16,22.17,22.18,22.19,22.2,22.21,22.22,200,1300,3100,2100,5700,200,1900,500,11700,2100,5600,3200,8500,7800,13700,20200,13600,7800,100,4500
125.0,22.12,400100,8826560.0,22.11,22.1,22.09,22.08,22.07,22.06,22.05,22.03,22.0,21.99,22.12,22.13,22.14,22.15,22.16,22.17,22.18,22.19,22.2,22.21,1300,3100,2100,5700,200,1900,500,11700,2100,2200,100,5600,3200,8500,6800,14000,20200,13600,7800,100
126.0,22.12,400100,8826560.0,22.11,22.1,22.09,22.08,22.07,22.06,22.05,22.03,22.0,21.99,22.12,22.13,22.14,22.15,22.16,22.17,22.18,22.19,22.2,22.21,1300,3100,2100,5700,200,1900,500,11700,2100,2200,100,5600,3200,8500,7200,14000,20200,13600,7800,100
127.0,22.12,400800,8842039.0,22.11,22.1,22.09,22.08,22.07,22.06,22.05,22.03,22.0,21.99,22.12,22.13,22.14,22.15,22.16,22.17,22.18,22.19,22.2,22.21,800,3100,2100,5700,200,1900,500,11700,2100,2200,600,5600,7200,8500,7200,14000,20200,13600,7800,100
128.0,22.12,401100,8848675.0,22.11,22.1,22.09,22.08,22.07,22.06,22.05,22.03,22.0,21.99,22.12,22.13,22.14,22.15,22.16,22.17,22.18,22.19,22.2,22.21,800,3100,2100,5700,200,1900,500,11700,2100,2200,300,5600,7200,8600,7200,14000,20200,13600,7800,100
129.0,22.1,403200,8895093.0,22.1,22.09,22.08,22.07,22.06,22.05,22.03,22.0,21.99,21.98,22.12,22.13,22.14,22.15,22.16,22.17,22.18,22.19,22.2,22.21,1800,7500,5700,200,1900,500,11700,2900,2200,11200,300,5600,7200,8600,7200,14000,20200,13600,7800,100
130.0,22.12,403500,8901729.0,22.12,22.1,22.09,22.08,22.07,22.06,22.05,22.03,22.0,21.99,22.13,22.14,22.15,22.16,22.17,22.18,22.19,22.2,22.21,22.22,300,1800,7500,5700,200,1900,500,11700,2800,2200,5700,7200,8600,7200,14000,20200,13600,7800,100,4500
131.0,22.12,403700,8906153.0,22.12,22.1,22.09,22.08,22.07,22.06,22.05,22.03,22.0,21.99,22.13,22.14,22.15,22.16,22.17,22.18,22.19,22.2,22.21,22.22,100,1800,7500,5700,200,1900,500,11700,2800,2200,5700,7200,8600,7200,14000,20200,13600,7800,100,4500
132.0,22.13,406100,8959265.0,22.12,22.1,22.09,22.08,22.07,22.06,22.05,22.03,22.0,21.99,22.13,22.14,22.15,22.16,22.17,22.18,22.19,22.2,22.21,22.22,300,1800,7500,5700,200,1900,500,11700,2800,2200,3300,7200,8600,7200,14000,20200,13600,7800,100,4500
133.0,22.1,407100,8981371.0,22.12,22.1,22.09,22.08,22.07,22.06,22.05,22.03,22.0,21.99,22.13,22.14,22.15,22.16,22.17,22.18,22.19,22.2,22.21,22.22,200,1100,7500,5700,200,1900,500,11700,2800,2200,3300,6200,8600,7200,15000,20200,13600,7800,100,4500
134.0,22.13,410600,9058826.0,22.12,22.1,22.09,22.08,22.07,22.06,22.05,22.03,22.0,21.99,22.13,22.14,22.15,22.16,22.17,22.18,22.19,22.2,22.21,22.22,300,1900,7500,5700,200,1900,500,11700,2800,2200,300,6200,8600,7300,15000,20200,13600,7800,100,4500
135.0,22.15,428700,9459653.0,22.14,22.13,22.12,22.1,22.09,22.08,22.07,22.06,22.05,22.03,22.15,22.16,22.17,22.18,22.19,22.2,22.21,22.22,22.23,22.25,1800,5300,200,1900,7500,5700,200,1900,500,11700,700,7300,15000,20200,13600,7800,100,4500,1000,17600
136.0,22.13,434100,9579222.0,22.13,22.12,22.1,22.09,22.08,22.07,22.06,22.05,22.03,22.0,22.16,22.17,22.18,22.19,22.2,22.21,22.22,22.23,22.25,22.26,4000,200,1900,7500,5700,200,1900,500,11700,2800,6600,15000,20200,13600,7800,100,4500,1000,17600,2500
137.0,22.15,435100,9601372.0,22.14,22.13,22.11,22.1,22.09,22.08,22.07,22.06,22.05,22.03,22.15,22.16,22.17,22.18,22.19,22.2,22.21,22.22,22.23,22.25,100,4200,300,1900,7500,5700,200,1900,500,11700,100,6600,15000,20200,13600,7800,100,4500,1000,17600
138.0,22.13,436000,9621290.0,22.13,22.11,22.1,22.09,22.08,22.07,22.06,22.05,22.03,22.0,22.15,22.16,22.17,22.18,22.19,22.2,22.21,22.22,22.23,22.25,4600,300,1900,5500,5700,200,1900,500,11700,2800,100,6600,15000,20200,13600,7800,100,4500,1000,17600
139.0,22.15,441700,9747406.0,22.15,22.12,22.1,22.09,22.08,22.07,22.06,22.05,22.03,22.0,22.16,22.17,22.18,22.19,22.2,22.21,22.22,22.23,22.25,22.26,300,1300,1200,5500,5700,200,1900,500,11700,2800,6600,15000,20200,13600,7800,100,4500,1000,17600,2600
140.0,22.16,441900,9751838.0,22.15,22.12,22.1,22.09,22.08,22.07,22.06,22.05,22.03,22.0,22.16,22.17,22.18,22.19,22.2,22.21,22.22,22.23,22.25,22.26,500,1300,1200,5500,5700,200,1900,500,11700,2800,6400,15000,20200,13100,7800,100,4500,1000,17600,2600
141.0,22.16,441900,9751838.0,22.15,22.12,22.1,22.09,22.08,22.07,22.06,22.05,22.03,22.0,22.16,22.17,22.18,22.19,22.2,22.21,22.22,22.23,22.25,22.26,800,1300,1200,5500,5700,200,1900,500,11700,2800,6400,15000,20200,13100,7800,100,4500,1000,17600,2600
142.0,22.1,444700,9813784.0,22.1,22.09,22.08,22.07,22.06,22.05,22.03,22.0,21.99,21.98,22.16,22.17,22.18,22.19,22.2,22.21,22.22,22.23,22.25,22.26,500,5500,5700,200,1900,500,11700,2800,2200,10500,6400,15000,20200,13100,7800,100,4500,1000,17600,2600
143.0,22.1,444700,9813784.0,22.13,22.11,22.1,22.09,22.08,22.07,22.06,22.05,22.03,22.0,22.16,22.17,22.18,22.19,22.2,22.21,22.22,22.23,22.25,22.26,600,100,2600,5500,5700,200,1900,500,11700,2800,8500,15000,20200,13100,7800,100,4500,1000,17600,2600
144.0,22.12,445700,9835910.0,22.12,22.11,22.1,22.09,22.08,22.07,22.06,22.05,22.03,22.0,22.15,22.16,22.17,22.18,22.19,22.2,22.21,22.22,22.23,22.25,400,100,2600,5500,5700,200,1900,500,11700,2800,2400,8500,15000,20200,13100,7800,100,4500,1000,17600
145.0,22.12,445700,9835910.0,22.13,22.12,22.11,22.1,22.09,22.08,22.07,22.06,22.05,22.03,22.15,22.16,22.17,22.18,22.19,22.2,22.21,22.22,22.23,22.25,200,500,100,2600,5500,5700,200,1900,500,11700,2400,10500,15000,20200,13100,7800,600,4500,1000,17600
146.0,22.12,445700,9835910.0,22.13,22.12,22.11,22.1,22.09,22.08,22.07,22.06,22.05,22.03,22.15,22.16,22.17,22.18,22.19,22.2,22.21,22.22,22.23,22.25,200,200,100,2600,5500,5700,200,1900,500,11700,11000,10500,15000,20200,13100,7800,600,4500,1000,17600
147.0,22.13,447100,9866892.0,22.13,22.12,22.11,22.1,22.09,22.08,22.07,22.06,22.05,22.03,22.15,22.16,22.17,22.18,22.19,22.2,22.21,22.22,22.23,22.25,900,2400,100,2600,5500,4200,200,1600,500,11700,36000,10500,15000,20200,13100,7800,600,4500,1000,17600
148.0,22.13,447100,9866892.0,22.13,22.12,22.11,22.1,22.09,22.08,22.07,22.06,22.05,22.03,22.15,22.16,22.17,22.18,22.19,22.2,22.21,22.22,22.23,22.25,900,2400,100,2600,5500,4200,200,1600,500,11700,36000,10500,15000,20200,13100,7800,600,4500,1000,17600
149.0,22.12,449300,9915565.0,22.12,22.11,22.1,22.09,22.08,22.07,22.06,22.05,22.03,22.0,22.15,22.16,22.17,22.18,22.19,22.2,22.21,22.22,22.23,22.25,1100,100,2600,5500,4200,200,1600,500,11700,2800,36200,10500,15000,20200,13100,7900,600,4500,1000,17600
150.0,22.12,449300,9915565.0,22.12,22.11,22.1,22.09,22.08,22.07,22.06,22.05,22.03,22.0,22.15,22.16,22.17,22.18,22.19,22.2,22.21,22.22,22.23,22.25,2400,1900,2600,5500,4200,200,1600,500,11700,2800,36200,11200,15000,20200,13100,7900,600,4500,1000,17600
151.0,22.12,450200,9935473.0,22.12,22.11,22.1,22.09,22.08,22.07,22.06,22.05,22.03,22.0,22.14,22.15,22.16,22.17,22.18,22.19,22.2,22.21,22.22,22.23,1500,1900,2600,5500,4200,200,1600,500,11700,2800,500,36200,12100,15000,20200,13100,7900,600,4500,1000
152.0,22.13,452500,9986375.0,22.12,22.11,22.1,22.09,22.08,22.07,22.06,22.05,22.03,22.0,22.13,22.14,22.15,22.16,22.17,22.18,22.19,22.2,22.21,22.22,1500,2900,2600,5500,4200,200,1600,500,11700,2800,4800,200,36200,12100,15100,20200,13100,7900,600,4500
153.0,22.13,452500,9986375.0,22.12,22.11,22.1,22.09,22.08,22.07,22.06,22.05,22.03,22.0,22.13,22.14,22.15,22.16,22.17,22.18,22.19,22.2,22.21,22.22,4500,2900,2600,5500,4200,200,1600,500,11700,2800,4800,200,41200,12100,15100,20200,13100,7900,600,4500
154.0,22.12,455600,10054947.0,22.12,22.11,22.1,22.09,22.08,22.07,22.06,22.05,22.03,22.0,22.13,22.14,22.15,22.16,22.17,22.18,22.19,22.2,22.21,22.22,1400,2900,2600,5500,4200,200,1600,500,11700,2800,4800,200,42200,12100,15100,20200,13100,7900,600,4600
155.0,22.13,457100,10088141.0,22.12,22.11,22.1,22.09,22.08,22.07,22.06,22.05,22.03,22.0,22.13,22.14,22.15,22.16,22.17,22.18,22.19,22.2,22.21,22.22,1400,2900,2600,5500,4200,200,1600,500,11700,2800,3400,200,42200,12500,15100,20200,13100,7900,600,4600
156.0,22.13,457200,10090354.0,22.12,22.11,22.1,22.09,22.08,22.07,22.06,22.05,22.03,22.0,22.13,22.14,22.15,22.16,22.17,22.18,22.19,22.2,22.21,22.22,2200,2900,2600,5500,4200,200,1600,500,11700,2800,3300,1200,42200,12000,15100,20200,13100,7900,600,4600
157.0,22.13,459200,10134598.0,22.12,22.11,22.1,22.09,22.08,22.07,22.06,22.05,22.03,22.0,22.13,22.14,22.15,22.16,22.17,22.18,22.19,22.2,22.21,22.22,600,3700,2600,5500,4200,200,1600,500,11700,2800,2900,1200,42200,12000,15100,20200,13100,7900,600,4600
158.0,22.13,459200,10134598.0,22.12,22.11,22.1,22.09,22.08,22.07,22.06,22.05,22.03,22.0,22.13,22.14,22.15,22.16,22.17,22.18,22.19,22.2,22.21,22.22,1100,3700,2600,5500,4200,200,1600,500,11700,2800,2900,1200,42200,12000,15100,20200,13100,7900,600,4600
159.0,22.13,459200,10134598.0,22.12,22.11,22.1,22.09,22.08,22.07,22.06,22.05,22.03,22.0,22.13,22.14,22.15,22.16,22.17,22.18,22.19,22.2,22.21,22.22,2500,3700,2600,5500,4200,200,1600,500,11700,2800,2900,1200,42200,19000,15100,20200,13100,7900,600,4600
160.0,22.13,460000,10152302.0,22.12,22.11,22.1,22.09,22.08,22.07,22.06,22.05,22.03,22.0,22.13,22.14,22.15,22.16,22.17,22.18,22.19,22.2,22.21,22.22,2500,3700,2600,5500,4200,200,1600,500,11700,2800,2100,1200,42200,19500,15100,20200,13100,7900,600,4600
161.0,22.13,462400,10205410.0,22.12,22.11,22.1,22.09,22.08,22.07,22.06,22.05,22.03,22.0,22.13,22.14,22.15,22.16,22.17,22.18,22.19,22.2,22.21,22.22,2100,3700,2600,5500,4200,200,1600,500,11700,2800,100,1200,17200,19500,15100,20200,13100,7900,600,4600
162.0,22.13,462400,10205410.0,22.12,22.11,22.1,22.09,22.08,22.07,22.06,22.05,22.03,22.0,22.13,22.14,22.15,22.16,22.17,22.18,22.19,22.2,22.21,22.22,3400,3700,2600,5500,4200,200,1600,500,11700,2800,600,1200,17200,19500,15100,20200,13100,7900,600,4600
163.0,22.13,462500,10207623.0,22.12,22.11,22.1,22.09,22.08,22.07,22.06,22.05,22.03,22.0,22.13,22.14,22.15,22.16,22.17,22.18,22.19,22.2,22.21,22.22,3400,3700,2600,5500,4200,200,1600,500,11700,2800,1000,1200,17200,19500,15100,20200,13100,7900,600,4600
164.0,22.13,463300,10225324.0,22.12,22.11,22.1,22.09,22.08,22.07,22.06,22.05,22.03,22.0,22.13,22.14,22.15,22.16,22.17,22.18,22.19,22.2,22.21,22.22,3400,3700,2600,5500,4200,200,1600,500,11700,2800,500,1200,17200,19500,15100,20200,13100,7900,600,4600
165.0,22.15,466200,10289537.0,22.12,22.11,22.1,22.09,22.08,22.07,22.06,22.05,22.03,22.0,22.15,22.16,22.17,22.18,22.19,22.2,22.21,22.22,22.23,22.25,3400,3700,2600,5500,4200,200,1600,500,11700,2800,16000,19500,15100,20200,13100,7900,600,4600,1500,17700
166.0,22.12,467100,10309445.0,22.12,22.11,22.1,22.09,22.08,22.07,22.06,22.05,22.03,22.0,22.13,22.15,22.16,22.17,22.18,22.19,22.2,22.21,22.22,22.23,3000,3700,2600,5500,4200,200,1600,500,11700,2800,100,16400,19500,15100,20200,13100,7900,600,4600,1500
167.0,22.15,467300,10313873.0,22.12,22.11,22.1,22.09,22.08,22.07,22.06,22.05,22.03,22.0,22.13,22.15,22.16,22.17,22.18,22.19,22.2,22.21,22.22,22.23,3000,3700,2600,5500,4200,200,1600,500,11700,2800,3000,16300,16500,15100,20200,13100,7900,600,4600,1500
168.0,22.12,468200,10333781.0,22.12,22.11,22.1,22.09,22.08,22.07,22.06,22.05,22.03,22.0,22.13,22.15,22.16,22.17,22.18,22.19,22.2,22.21,22.22,22.23,2100,3700,2600,5500,4200,200,1600,500,11700,2800,3000,16300,16500,15100,20200,13100,7900,600,4600,1500
169.0,22.12,469500,10362537.0,22.12,22.11,22.1,22.09,22.08,22.07,22.06,22.05,22.03,22.0,22.13,22.15,22.16,22.17,22.18,22.19,22.2,22.21,22.22,22.23,800,3700,2600,5500,4200,200,1600,500,11700,2800,3600,16200,16500,15100,20200,13100,7900,600,4600,1500
170.0,22.12,469500,10362537.0,22.12,22.11,22.1,22.09,22.08,22.07,22.06,22.05,22.03,22.0,22.13,22.15,22.16,22.17,22.18,22.19,22.2,22.21,22.22,22.23,900,3700,2600,5500,4200,200,1600,500,11700,2800,3600,16200,16500,15100,20200,13100,7900,600,4600,1500
171.0,22.12,470000,10373597.0,22.12,22.11,22.1,22.09,22.08,22.07,22.06,22.05,22.03,22.0,22.13,22.15,22.16,22.17,22.18,22.19,22.2,22.21,22.22,22.23,400,3700,2600,5500,4200,200,1600,500,11700,2800,4100,16200,16500,15100,20200,13100,7900,600,4600,1500
172.0,22.12,470000,10373597.0,22.12,22.11,22.1,22.09,22.08,22.07,22.06,22.05,22.03,22.0,22.13,22.15,22.16,22.17,22.18,22.19,22.2,22.21,22.22,22.23,400,3700,2600,5500,4200,200,1600,500,11700,2800,4100,16200,16500,15100,20200,13100,7900,600,4600,1500
173.0,22.12,470200,10378022.0,22.12,22.11,22.1,22.09,22.08,22.07,22.06,22.03,22.0,21.99,22.13,22.15,22.16,22.17,22.18,22.19,22.2,22.21,22.22,22.23,300,3700,2600,5500,2200,200,1600,11700,2800,2200,4000,16200,16500,15100,20200,13100,7900,600,4600,1500
174.0,22.13,470300,10380235.0,22.12,22.11,22.1,22.09,22.08,22.07,22.06,22.03,22.0,21.99,22.13,22.15,22.16,22.17,22.18,22.19,22.2,22.21,22.22,22.23,300,3700,2600,5500,2200,200,1600,11700,3400,2200,3900,16200,16500,15100,20200,13100,7900,600,4600,1500
175.0,22.13,470300,10380235.0,22.12,22.11,22.1,22.09,22.08,22.07,22.06,22.03,22.0,21.99,22.13,22.15,22.16,22.17,22.18,22.19,22.2,22.21,22.22,22.23,400,3700,2600,5500,2200,200,1600,11700,3400,2200,3900,16200,16500,15100,20200,13100,7900,600,4600,1500
176.0,22.13,470300,10380235.0,22.12,22.11,22.1,22.09,22.08,22.07,22.06,22.03,22.0,21.99,22.13,22.15,22.16,22.17,22.18,22.19,22.2,22.21,22.22,22.23,400,3700,2600,5500,2200,200,1600,11700,3400,2200,3900,16200,16500,17600,20200,13100,7900,600,4600,1500
177.0,22.13,470300,10380235.0,22.12,22.11,22.1,22.09,22.08,22.07,22.06,22.03,22.0,21.99,22.13,22.15,22.16,22.17,22.18,22.19,22.2,22.21,22.22,22.23,2600,3700,2600,5500,2200,200,1600,11700,3400,2200,4100,16200,16500,17600,20200,13100,7900,600,4600,1500
178.0,22.13,470300,10380235.0,22.12,22.11,22.1,22.09,22.08,22.07,22.06,22.03,22.0,21.99,22.13,22.15,22.16,22.17,22.18,22.19,22.2,22.21,22.22,22.23,2600,3700,2600,5500,2200,200,1600,11700,3400,2200,4400,16200,16500,17600,20200,13400,9900,600,4600,1500
179.0,22.13,472500,10428921.0,22.12,22.11,22.1,22.09,22.08,22.07,22.06,22.03,22.0,21.99,22.13,22.15,22.16,22.17,22.18,22.19,22.2,22.21,22.22,22.23,3200,3700,2600,5500,2200,200,1600,11700,3400,2200,2200,16200,16500,17600,20200,13400,9900,600,4600,1500
180.0,22.13,472600,10431134.0,22.12,22.11,22.1,22.09,22.08,22.07,22.06,22.03,22.0,21.99,22.13,22.15,22.16,22.17,22.18,22.19,22.2,22.21,22.22,22.23,3700,3700,2600,5500,2200,200,1600,11700,3400,2200,2100,16200,16500,17600,20200,13400,9900,600,4600,1500
181.0,22.12,473600,10453254.0,22.12,22.11,22.1,22.09,22.08,22.07,22.06,22.03,22.0,21.99,22.13,22.15,22.16,22.17,22.18,22.19,22.2,22.21,22.22,22.23,2800,3700,2600,5500,2200,200,1600,11700,3400,2200,2100,16200,16500,17600,20200,13400,9900,600,4600,1500
182.0,22.13,474000,10462104.0,22.12,22.11,22.1,22.09,22.08,22.07,22.06,22.03,22.0,21.99,22.13,22.14,22.15,22.16,22.17,22.18,22.19,22.2,22.21,22.22,2600,3700,2600,5500,2200,200,1600,11700,3400,2200,3500,2600,16200,16500,17600,20200,13400,9900,600,4600
183.0,22.13,474700,10477595.0,22.12,22.11,22.1,22.09,22.08,22.07,22.06,22.03,22.0,21.99,22.13,22.14,22.15,22.16,22.17,22.18,22.19,22.2,22.21,22.22,3100,3700,2600,5500,2200,200,1600,11700,3400,2200,4900,2600,16200,16500,17600,20200,13400,9500,600,5100
184.0,22.12,476000,10506351.0,22.12,22.11,22.1,22.09,22.08,22.07,22.06,22.03,22.0,21.99,22.13,22.14,22.15,22.16,22.17,22.18,22.19,22.2,22.21,22.22,1800,3700,2600,5500,2200,200,1600,11700,3400,2200,4900,2600,16200,16500,17600,20200,13400,9500,600,5100
185.0,22.13,480900,10614788.0,22.13,22.12,22.11,22.1,22.09,22.08,22.07,22.06,22.03,22.0,22.14,22.15,22.16,22.17,22.18,22.19,22.2,22.21,22.22,22.23,200,1800,3700,2600,5500,2200,200,1600,11700,3400,2600,16200,16000,17600,20200,13400,9500,600,5100,1500
186.0,22.14,483500,10672352.0,22.14,22.13,22.12,22.11,22.1,22.09,22.08,22.07,22.06,22.03,22.15,22.16,22.17,22.18,22.19,22.2,22.21,22.22,22.23,22.25,600,200,1800,3700,2600,5500,2200,200,1600,11700,16200,16000,18100,20200,13400,9500,600,5100,1500,18700
187.0,22.14,484400,10692278.0,22.13,22.12,22.11,22.1,22.09,22.08,22.07,22.06,22.03,22.0,22.14,22.15,22.16,22.17,22.18,22.19,22.2,22.21,22.22,22.23,200,1800,3700,2600,5500,2200,200,1600,11700,3400,1900,16200,16000,18100,20200,13400,9500,600,5100,1500
188.0,22.14,484700,10698920.0,22.13,22.12,22.11,22.1,22.09,22.08,22.07,22.06,22.03,22.0,22.14,22.15,22.16,22.17,22.18,22.19,22.2,22.21,22.22,22.23,200,1800,3700,2600,5500,2200,200,1600,11700,3400,1600,16200,16000,18100,20200,13400,9500,600,5100,1500
189.0,22.14,484700,10698920.0,22.13,22.12,22.11,22.1,22.09,22.08,22.07,22.06,22.03,22.0,22.14,22.15,22.16,22.17,22.18,22.19,22.2,22.21,22.22,22.23,200,1800,3700,2600,5500,2200,200,1600,11700,3400,1600,16200,16000,18100,20200,13400,14500,600,5100,1500
190.0,22.11,486900,10747584.0,22.11,22.1,22.09,22.08,22.07,22.06,22.03,22.0,21.99,21.98,22.14,22.15,22.16,22.17,22.18,22.19,22.2,22.21,22.22,22.23,3500,2600,5500,2200,200,1600,11700,3400,2200,11000,1600,16200,16000,18100,20200,13400,15500,600,5100,1500
191.0,22.11,486900,10747584.0,22.11,22.1,22.09,22.08,22.07,22.06,22.03,22.0,21.99,21.98,22.14,22.15,22.16,22.17,22.18,22.19,22.2,22.21,22.22,22.23,4500,2600,5500,2200,200,1600,11700,3400,2200,11000,2700,16200,16000,18100,20200,13400,15500,600,5100,1500
192.0,22.11,487800,10767483.0,22.11,22.1,22.09,22.08,22.07,22.06,22.03,22.0,21.99,21.98,22.14,22.15,22.16,22.17,22.18,22.19,22.2,22.21,22.22,22.23,3600,2600,5500,2200,200,1600,11700,3400,2200,11000,2700,16200,16000,18100,20200,13400,15500,600,5100,1500
193.0,22.11,488100,10774116.0,22.12,22.11,22.1,22.09,22.08,22.07,22.06,22.03,22.0,21.99,22.14,22.15,22.16,22.17,22.18,22.19,22.2,22.21,22.22,22.23,100,3800,2600,5500,2200,200,1600,11700,3400,2200,3500,16200,16000,18100,20700,13400,15500,600,5100,1500
194.0,22.11,488100,10774116.0,22.13,22.12,22.11,22.1,22.09,22.08,22.07,22.06,22.03,22.0,22.14,22.15,22.16,22.17,22.18,22.19,22.2,22.21,22.22,22.23,300,100,4200,2600,5500,2200,200,1600,11700,3400,3500,16200,16000,18100,20700,13400,15500,600,5100,1500
195.0,22.11,488100,10774116.0,22.13,22.12,22.11,22.1,22.09,22.08,22.07,22.06,22.03,22.0,22.14,22.15,22.16,22.17,22.18,22.19,22.2,22.21,22.22,22.23,1800,400,4200,2600,5500,2000,200,1600,11700,3400,3500,16200,16000,18100,20700,13400,15500,600,5100,1500
196.0,22.14,489200,10798469.0,22.13,22.12,22.11,22.1,22.09,22.08,22.07,22.06,22.03,22.0,22.14,22.15,22.16,22.17,22.18,22.19,22.2,22.21,22.22,22.23,1700,400,4200,2600,5500,3000,200,1600,11700,3400,2500,16200,16000,18100,20700,13400,15500,600,5100,1500
197.0,22.14,489400,10802896.0,22.13,22.12,22.11,22.1,22.09,22.08,22.07,22.06,22.03,22.0,22.14,22.15,22.16,22.17,22.18,22.19,22.2,22.21,22.22,22.23,1600,400,4200,2600,5500,3000,200,1600,11700,3400,2900,16200,16000,18100,20700,13400,15500,600,5100,1500
198.0,22.13,492900,10880352.0,22.12,22.11,22.1,22.09,22.08,22.07,22.06,22.03,22.0,21.99,22.13,22.14,22.15,22.16,22.17,22.18,22.19,22.2,22.21,22.22,400,4200,2600,5500,3000,200,1600,11700,3400,2200,21600,2800,16200,16000,18100,20700,13400,15500,600,5100
199.0,22.13,494200,10909121.0,22.12,22.11,22.1,22.09,22.08,22.07,22.06,22.03,22.0,21.99,22.13,22.14,22.15,22.16,22.17,22.18,22.19,22.2,22.21,22.22,400,4200,2600,5500,3000,200,1600,11700,3400,2200,20300,2800,16200,16000,17900,20700,13400,15500,600,5100
200.0,22.15,523300,11553243.0,22.14,22.13,22.12,22.11,22.1,22.09,22.08,22.07,22.06,22.03,22.15,22.16,22.17,22.18,22.19,22.2,22.21,22.22,22.23,22.25,4100,24800,400,4200,2600,5500,3000,200,1600,11700,2500,17000,17900,20700,13400,15500,600,5100,1500,18700
201.0,22.15,529300,11686143.0,22.15,22.14,22.13,22.12,22.11,22.1,22.09,22.08,22.07,22.06,22.16,22.17,22.18,22.19,22.2,22.21,22.22,22.23,22.25,22.26,10200,3400,25600,400,3700,2600,5500,3000,200,1600,17000,17900,20700,13400,15500,600,5100,1500,18700,2600
202.0,22.15,532300,11752604.0,22.15,22.14,22.13,22.12,22.11,22.1,22.09,22.08,22.07,22.06,22.16,22.17,22.18,22.19,22.2,22.21,22.22,22.23,22.25,22.26,8300,3400,26200,400,3700,2600,5500,3000,200,1600,15900,17900,20700,13400,15500,600,5100,1500,18700,2600
203.0,22.16,533700,11783624.0,22.15,22.14,22.13,22.12,22.11,22.1,22.09,22.08,22.07,22.06,22.16,22.17,22.18,22.19,22.2,22.21,22.22,22.23,22.25,22.26,7900,3400,24600,400,3700,2600,5500,3000,200,1600,14900,17900,20700,13400,15500,600,5100,1500,18700,2600
204.0,22.18,568800,12561628.0,22.17,22.15,22.14,22.13,22.12,22.11,22.1,22.09,22.08,22.07,22.18,22.19,22.2,22.21,22.22,22.23,22.25,22.26,22.27,22.28,100,7000,1400,24600,400,3500,2600,5500,2400,200,20300,13400,15500,600,5100,1500,18700,2600,17600,17700
205.0,22.14,576000,12721109.0,22.14,22.13,22.12,22.11,22.1,22.09,22.08,22.07,22.06,22.03,22.17,22.18,22.19,22.2,22.21,22.22,22.23,22.25,22.26,22.27,1300,24600,400,3500,2600,5500,2400,200,1600,10000,2900,20300,13400,15500,600,5100,1500,18700,2600,17600
206.0,22.14,576100,12723323.0,22.15,22.14,22.13,22.12,22.11,22.1,22.09,22.08,22.07,22.06,22.17,22.18,22.19,22.2,22.21,22.22,22.23,22.25,22.26,22.27,100,2200,13400,400,2700,2600,5500,2400,200,1600,3900,20300,13400,15500,600,5100,1500,18700,2600,17600
207.0,22.14,577100,12745464.0,22.15,22.14,22.13,22.12,22.11,22.1,22.09,22.08,22.07,22.06,22.17,22.18,22.19,22.2,22.21,22.22,22.23,22.25,22.26,22.27,3100,2100,13400,400,2700,2600,5500,2400,200,1600,4000,20300,13400,15500,600,5100,1500,18700,2600,17600
208.0,22.15,585400,12929228.0,22.16,22.15,22.13,22.12,22.11,22.1,22.09,22.08,22.07,22.06,22.17,22.18,22.19,22.2,22.21,22.22,22.23,22.25,22.26,22.27,100,100,10400,400,2700,2600,5500,2400,200,1600,4100,20300,13400,15500,600,5100,1500,18700,2600,17600
209.0,22.16,586000,12942524.0,22.13,22.12,22.11,22.1,22.09,22.08,22.07,22.06,22.03,22.0,22.16,22.17,22.18,22.19,22.2,22.21,22.22,22.23,22.25,22.26,10500,400,2700,2600,5500,2400,200,1600,10000,3400,600,4100,20300,13400,15500,600,5100,1500,18700,2600
210.0,22.16,586000,12942524.0,22.14,22.13,22.12,22.11,22.1,22.09,22.08,22.07,22.06,22.03,22.16,22.17,22.18,22.19,22.2,22.21,22.22,22.23,22.25,22.26,3100,12200,400,2700,2600,5500,2400,200,1600,10000,2300,4900,20300,13400,15800,600,5100,1500,18700,2600
211.0,22.14,588400,12995660.0,22.14,22.13,22.12,22.11,22.1,22.09,22.08,22.07,22.06,22.03,22.16,22.17,22.18,22.19,22.2,22.21,22.22,22.23,22.25,22.26,700,12300,400,2700,2600,5500,2400,200,1600,10000,2300,4900,20300,13400,15800,600,5100,1500,18700,2600
212.0,22.14,588600,13000088.0,22.14,22.13,22.12,22.11,22.1,22.09,22.08,22.07,22.06,22.03,22.15,22.16,22.17,22.18,22.19,22.2,22.21,22.22,22.23,22.25,500,12400,300,2700,2600,5500,2400,200,1600,10000,100,2300,4900,20300,13400,15800,600,5100,1500,18700
213.0,22.14,588600,13000088.0,22.14,22.13,22.12,22.11,22.1,22.09,22.08,22.07,22.06,22.03,22.15,22.16,22.17,22.18,22.19,22.2,22.21,22.22,22.23,22.25,2300,12400,300,2700,2600,5500,2400,200,1600,10000,2100,2300,4900,20300,13400,15800,600,5100,1500,18700
214.0,22.14,588600,13000088.0,22.14,22.13,22.12,22.11,22.1,22.09,22.08,22.07,22.06,22.03,22.15,22.16,22.17,22.18,22.19,22.2,22.21,22.22,22.23,22.25,2400,12300,300,2700,2600,5500,2400,200,1600,10000,2100,2300,5300,20300,13400,15800,600,5100,1500,18700
215.0,22.14,589000,13008944.0,22.14,22.13,22.12,22.11,22.1,22.09,22.08,22.07,22.06,22.03,22.15,22.16,22.17,22.18,22.19,22.2,22.21,22.22,22.23,22.25,2100,12300,300,2700,2600,5500,2400,200,1600,10000,4100,2300,5300,20300,13400,15800,600,5100,1500,18700
216.0,22.14,589200,13013372.0,22.14,22.13,22.12,22.11,22.1,22.09,22.08,22.07,22.06,22.03,22.15,22.16,22.17,22.18,22.19,22.2,22.21,22.22,22.23,22.25,1900,12300,300,2700,2600,5500,2400,200,1600,10000,4100,2300,5300,20300,13400,15800,600,5100,1500,18700
217.0,22.15,590500,13042167.0,22.14,22.13,22.12,22.11,22.1,22.09,22.08,22.07,22.06,22.03,22.15,22.16,22.17,22.18,22.19,22.2,22.21,22.22,22.23,22.25,2800,12300,300,2700,2600,5500,2400,200,1600,10000,2800,2300,11600,20300,13400,15800,600,5100,1500,18700
218.0,22.14,590700,13046595.0,22.14,22.13,22.12,22.11,22.1,22.09,22.08,22.07,22.06,22.03,22.15,22.16,22.17,22.18,22.19,22.2,22.21,22.22,22.23,22.25,2600,12300,300,2700,2600,5500,2400,200,1600,10000,2800,2300,11600,17800,13400,15800,600,5100,1500,18700
219.0,22.14,591100,13055451.0,22.14,22.13,22.12,22.11,22.1,22.09,22.08,22.07,22.06,22.03,22.15,22.16,22.17,22.18,22.19,22.2,22.21,22.22,22.23,22.25,2200,14400,300,2700,2600,5500,2400,200,1600,10000,2800,2300,11600,17800,13400,15800,600,5100,1500,18700
220.0,22.15,593900,13117471.0,22.15,22.14,22.13,22.12,22.11,22.1,22.09,22.08,22.07,22.06,22.16,22.17,22.18,22.19,22.2,22.21,22.22,22.23,22.25,22.26,1200,2200,6200,300,2700,2600,5500,2400,200,1600,2300,11600,17800,13400,15800,600,5100,1500,18700,2800
221.0,22.15,593900,13117471.0,22.15,22.14,22.13,22.12,22.11,22.1,22.09,22.08,22.07,22.06,22.16,22.17,22.18,22.19,22.2,22.21,22.22,22.23,22.25,22.26,1200,2200,6200,300,2700,2600,5500,2400,200,1600,2300,11600,17800,13400,15600,600,5100,1500,18700,2800
222.0,22.15,593900,13117471.0,22.15,22.14,22.13,22.12,22.11,22.1,22.09,22.08,22.07,22.06,22.16,22.17,22.18,22.19,22.2,22.21,22.22,22.23,22.25,22.26,1200,3500,6200,300,2700,2600,5500,2400,200,1600,2300,11600,17800,13400,15600,600,5100,1500,18700,2800
223.0,22.15,594600,13132976.0,22.15,22.14,22.13,22.12,22.11,22.1,22.09,22.08,22.07,22.06,22.16,22.17,22.18,22.19,22.2,22.21,22.22,22.23,22.25,22.26,2500,3500,6200,300,2700,2600,5500,2400,200,1600,2400,11600,17800,13400,15600,600,5100,1500,18700,2800
224.0,22.15,594600,13132976.0,22.15,22.14,22.13,22.12,22.11,22.1,22.09,22.08,22.07,22.06,22.16,22.17,22.18,22.19,22.2,22.21,22.22,22.23,22.25,22.26,2500,3500,6200,300,2700,2600,5500,2400,200,1600,3400,13600,17800,13400,15600,600,5100,1500,18700,2800
225.0,22.17,600700,13268179.0,22.15,22.14,22.13,22.12,22.11,22.1,22.09,22.08,22.07,22.06,22.17,22.18,22.19,22.2,22.21,22.22,22.23,22.25,22.26,22.27,3000,3500,6400,300,2700,2600,5500,2400,200,1600,10900,17800,13400,15600,600,5100,1500,18700,2800,17600
226.0,22.15,601000,13274824.0,22.15,22.14,22.13,22.12,22.11,22.1,22.09,22.08,22.07,22.06,22.17,22.18,22.19,22.2,22.21,22.22,22.23,22.25,22.26,22.27,3200,3600,6300,300,2700,2600,5500,2400,200,1600,10900,17800,13400,15600,600,5100,1500,18700,2800,17600
227.0,22.15,602500,13308050.0,22.15,22.14,22.13,22.12,22.11,22.1,22.09,22.08,22.07,22.06,22.16,22.17,22.18,22.19,22.2,22.21,22.22,22.23,22.25,22.26,1900,3600,6300,300,2700,2600,5500,2400,200,1600,200,10900,17800,13400,15600,600,5100,1500,18700,2800
228.0,22.15,602500,13308050.0,22.15,22.14,22.13,22.12,22.11,22.1,22.09,22.08,22.07,22.06,22.16,22.17,22.18,22.19,22.2,22.21,22.22,22.23,22.25,22.26,2200,3600,6300,300,2700,2700,5500,2400,200,1600,200,10900,17800,13400,15600,600,5100,1500,18700,2800
229.0,22.15,602700,13312480.0,22.15,22.14,22.13,22.12,22.11,22.1,22.09,22.08,22.07,22.06,22.16,22.17,22.18,22.19,22.2,22.21,22.22,22.23,22.25,22.26,2100,3500,6300,400,2700,2700,5500,2400,200,1600,200,16000,17800,13400,15600,600,5100,1500,18700,2800
230.0,22.15,604800,13358995.0,22.14,22.13,22.12,22.11,22.1,22.09,22.08,22.07,22.06,22.03,22.15,22.16,22.17,22.18,22.19,22.2,22.21,22.22,22.23,22.25,3500,6300,400,2700,2700,5500,2400,200,1600,10000,22900,200,16000,18800,13400,15600,600,5100,1500,18700
231.0,22.15,605300,13370070.0,22.14,22.13,22.12,22.11,22.1,22.09,22.08,22.07,22.06,22.03,22.15,22.16,22.17,22.18,22.19,22.2,22.21,22.22,22.23,22.25,3500,6300,400,2700,2700,5500,2400,200,1600,10000,22400,200,16000,18800,13400,15600,600,5100,1500,18700
232.0,22.15,606000,13385572.0,22.14,22.13,22.12,22.11,22.1,22.09,22.08,22.07,22.06,22.03,22.15,22.16,22.17,22.18,22.19,22.2,22.21,22.22,22.23,22.25,3600,6300,400,2700,2900,5500,2400,200,1600,10000,22000,200,17000,18800,13400,16600,600,5100,1500,8700
233.0,22.15,606000,13385572.0,22.14,22.13,22.12,22.11,22.1,22.09,22.08,22.07,22.06,22.03,22.15,22.16,22.17,22.18,22.19,22.2,22.21,22.22,22.23,22.25,3600,6300,400,2700,2900,5500,2400,200,1600,10000,22000,200,17000,18800,13400,16600,600,5100,1500,8700
234.0,22.15,607800,13425435.0,22.14,22.13,22.12,22.11,22.1,22.09,22.08,22.07,22.06,22.03,22.15,22.16,22.17,22.18,22.19,22.2,22.21,22.22,22.23,22.25,2700,6300,400,2700,2900,5500,2400,200,1600,10000,20900,200,17000,19700,13400,16600,600,4900,1500,8700
235.0,22.14,609100,13454220.0,22.14,22.13,22.12,22.11,22.1,22.09,22.08,22.07,22.06,22.03,22.15,22.16,22.17,22.18,22.19,22.2,22.21,22.22,22.23,22.25,1700,6300,400,2700,2900,5500,2400,200,1600,10000,20600,200,17500,19700,13400,16600,600,4900,1500,8700
236.0,22.14,610200,13478583.0,22.14,22.13,22.12,22.11,22.1,22.09,22.08,22.07,22.06,22.03,22.15,22.16,22.17,22.18,22.19,22.2,22.21,22.22,22.23,22.25,1500,6300,400,2700,2900,5500,2400,200,1600,10000,19700,200,17500,20200,13400,16600,600,4900,1500,8700
237.0,22.16,630700,13932666.0,22.14,22.13,22.12,22.11,22.1,22.09,22.08,22.07,22.06,22.03,22.16,22.17,22.18,22.19,22.2,22.21,22.22,22.23,22.25,22.26,1500,6300,1400,2700,2900,5500,2400,200,1600,10000,800,17500,20200,13400,16600,600,4900,1500,8700,2800
238.0,22.19,686500,15170273.0,22.19,22.18,22.17,22.16,22.15,22.14,22.13,22.12,22.11,22.1,22.2,22.21,22.22,22.23,22.25,22.26,22.27,22.28,22.29,22.3,2100,5000,24900,11300,1700,1200,6300,1400,2700,2900,16600,600,4900,1500,8700,2800,17600,17700,18600,19900
239.0,22.2,704000,15558754.0,22.19,22.18,22.17,22.16,22.15,22.14,22.13,22.12,22.11,22.1,22.2,22.21,22.22,22.23,22.25,22.26,22.27,22.28,22.29,22.3,300,5000,10200,11300,2000,3100,6300,1400,2700,2900,1000,600,4900,1500,8700,2800,17600,17700,18600,19900
240.0,22.2,706800,15620883.0,22.19,22.18,22.17,22.16,22.15,22.14,22.13,22.12,22.11,22.1,22.2,22.21,22.22,22.23,22.25,22.26,22.27,22.28,22.29,22.3,300,3900,10200,11300,2000,3100,6300,1400,2700,2900,200,600,4900,1500,8700,2800,17600,17700,18600,19900
241.0,22.2,707000,15625323.0,22.2,22.19,22.18,22.17,22.16,22.14,22.13,22.12,22.11,22.1,22.21,22.22,22.23,22.25,22.26,22.27,22.28,22.29,22.3,22.31,400,300,4100,7300,11300,13600,6300,1300,2700,4000,600,4900,1500,8700,2800,17600,17700,18600,19900,1300
242.0,22.2,707000,15625323.0,22.2,22.19,22.18,22.17,22.16,22.14,22.13,22.12,22.11,22.1,22.21,22.22,22.23,22.25,22.26,22.27,22.28,22.29,22.3,22.31,200,800,4200,7300,11300,13600,6300,1300,2700,4000,600,4900,1500,8700,2800,17600,17700,18600,19900,1300
243.0,22.22,711100,15716419.0,22.2,22.19,22.18,22.17,22.16,22.14,22.13,22.12,22.11,22.1,22.22,22.23,22.25,22.26,22.27,22.28,22.29,22.3,22.31,22.32,100,800,4600,5700,11300,12900,6300,1300,2700,4000,1400,1500,8700,2800,17600,17700,18600,19900,1300,20000
244.0,22.21,712400,15745300.0,22.21,22.2,22.19,22.18,22.17,22.16,22.14,22.13,22.12,22.11,22.22,22.23,22.25,22.26,22.27,22.28,22.29,22.3,22.31,22.32,1500,800,300,4400,5700,11300,12900,7300,1300,2700,600,1500,8700,2800,17600,17700,18600,19900,1300,20000
245.0,22.23,714500,15791977.0,22.23,22.21,22.2,22.19,22.18,22.16,22.14,22.13,22.12,22.11,22.25,22.26,22.27,22.28,22.29,22.3,22.31,22.32,22.33,22.34,3500,1500,1200,1300,4400,11300,12900,7300,1300,2700,8700,2800,17600,17700,18600,19900,1300,20000,5700,2000
246.0,22.25,715900,15823121.0,22.23,22.21,22.2,22.19,22.18,22.16,22.14,22.13,22.12,22.11,22.25,22.26,22.27,22.28,22.29,22.3,22.31,22.32,22.33,22.34,3200,1500,1200,1300,4400,11300,12900,7300,1300,2700,7600,2800,17600,17700,18600,19900,1300,20000,5700,2000
247.0,22.23,716400,15834236.0,22.23,22.2,22.19,22.18,22.16,22.14,22.13,22.12,22.11,22.1,22.25,22.26,22.27,22.28,22.29,22.3,22.31,22.32,22.33,22.34,2700,1200,2300,4400,11300,12900,7300,1300,2700,4000,7600,2800,17600,17700,18600,19900,1300,20000,5700,2000
248.0,22.23,716400,15834236.0,22.23,22.22,22.2,22.19,22.18,22.16,22.14,22.13,22.12,22.11,22.25,22.26,22.27,22.28,22.29,22.3,22.31,22.32,22.33,22.34,2900,2000,500,2000,4400,11300,12800,7300,1300,2700,7600,2800,17600,17700,18600,19900,1300,20000,5700,2000
249.0,22.23,716800,15843128.0,22.23,22.22,22.2,22.19,22.18,22.16,22.14,22.13,22.12,22.11,22.25,22.26,22.27,22.28,22.29,22.3,22.31,22.32,22.33,22.34,3300,2100,500,2000,4400,11300,12800,5200,1300,2700,7600,2800,17600,17700,18600,19900,1300,20000,5700,2000
250.0,22.22,720800,15932051.0,22.22,22.2,22.19,22.18,22.16,22.14,22.13,22.12,22.11,22.1,22.24,22.25,22.26,22.27,22.28,22.29,22.3,22.31,22.32,22.33,3200,500,2000,4400,11300,12800,5200,1300,2700,4000,200,7600,2800,17600,17700,18600,19900,1300,20000,5700
251.0,22.23,722600,15972065.0,22.22,22.2,22.19,22.18,22.16,22.14,22.13,22.12,22.11,22.1,22.23,22.25,22.26,22.27,22.28,22.29,22.3,22.31,22.32,22.33,2200,500,2000,4400,11300,12800,5200,1300,2700,4000,300,7200,2800,17600,17700,18600,19900,1300,20000,5700
252.0,22.23,723100,15983178.0,22.24,22.23,22.22,22.2,22.19,22.18,22.16,22.15,22.14,22.13,22.25,22.26,22.27,22.28,22.29,22.3,22.31,22.32,22.33,22.34,500,1800,500,500,2000,500,11300,100,12800,4200,7200,2800,17600,17700,18600,19900,1300,20000,5700,2000
253.0,22.23,724600,16016528.0,22.23,22.22,22.2,22.19,22.18,22.16,22.15,22.14,22.13,22.12,22.25,22.26,22.27,22.28,22.29,22.3,22.31,22.32,22.33,22.34,800,500,500,2000,500,11300,100,12800,4200,1300,7200,2800,17600,17700,18600,19900,1300,20000,5700,2000
254.0,22.23,724600,16016528.0,22.23,22.22,22.2,22.19,22.18,22.16,22.15,22.14,22.13,22.12,22.24,22.25,22.26,22.27,22.28,22.29,22.3,22.31,22.32,22.33,800,400,500,2000,500,11300,100,12800,4200,1300,1900,7200,2800,17600,17700,18600,19900,1300,20000,5700
255.0,22.24,726100,16049888.0,22.22,22.21,22.2,22.19,22.18,22.16,22.15,22.14,22.13,22.12,22.24,22.25,22.26,22.27,22.28,22.29,22.3,22.31,22.32,22.33,400,1900,500,2000,600,11300,100,12800,4300,1300,400,7200,3300,17600,17700,18600,19900,1300,20000,5700
256.0,22.19,752600,16638010.0,22.2,22.18,22.16,22.15,22.14,22.13,22.12,22.11,22.1,22.09,22.24,22.25,22.26,22.27,22.28,22.29,22.3,22.31,22.32,22.33,1800,500,11300,100,12800,4300,1300,2400,4000,5500,2800,7000,7000,17600,17700,18600,19900,1300,20000,5700
257.0,22.24,753300,16653578.0,22.2,22.19,22.18,22.16,22.15,22.14,22.13,22.12,22.11,22.1,22.24,22.25,22.26,22.27,22.28,22.29,22.3,22.31,22.32,22.33,7000,200,500,11300,100,12800,4300,1300,2400,4000,7600,7000,7000,17600,17700,18600,19900,1300,20000,5700
258.0,22.2,753700,16662458.0,22.21,22.2,22.19,22.18,22.16,22.15,22.14,22.13,22.12,22.11,22.24,22.25,22.26,22.27,22.28,22.29,22.3,22.31,22.32,22.33,3500,7900,200,500,11300,1100,12800,4300,1300,2400,9000,7000,7000,17600,17700,18600,19900,1300,20000,5700
259.0,22.24,753900,16666906.0,22.21,22.2,22.19,22.18,22.16,22.15,22.14,22.13,22.12,22.11,22.24,22.25,22.26,22.27,22.28,22.29,22.3,22.31,22.32,22.33,5400,6500,200,500,11300,1100,12800,4300,1300,2400,11500,27000,7000,16600,18200,18600,19900,1300,20000,5700
260.0,22.23,754000,16669129.0,22.22,22.21,22.2,22.19,22.18,22.16,22.15,22.14,22.13,22.12,22.24,22.25,22.26,22.27,22.28,22.29,22.3,22.31,22.32,22.33,500,5400,6500,200,500,11300,1100,12800,4300,1300,11500,27000,7000,16600,18200,18900,19900,1300,20000,5700
261.0,22.23,754000,16669129.0,22.22,22.21,22.2,22.19,22.18,22.16,22.15,22.14,22.13,22.12,22.24,22.25,22.26,22.27,22.28,22.29,22.3,22.31,22.32,22.33,700,1900,6500,3100,500,11300,1100,12800,4300,1300,11500,27500,7000,16600,18200,18900,19900,1300,20000,5700
262.0,22.24,754600,16682471.0,22.22,22.21,22.2,22.19,22.18,22.16,22.15,22.14,22.13,22.12,22.24,22.25,22.26,22.27,22.28,22.29,22.3,22.31,22.32,22.33,700,2100,6500,3100,500,11300,1100,12800,4300,1300,12000,27500,7000,16600,18200,18900,19900,1300,20000,5700
263.0,22.24,756400,16722503.0,22.22,22.21,22.2,22.19,22.18,22.16,22.15,22.14,22.13,22.12,22.24,22.25,22.26,22.27,22.28,22.29,22.3,22.31,22.32,22.33,1200,2400,6500,3100,500,11300,1100,12800,4300,1300,10200,28500,7000,18600,18200,18900,19900,1300,20000,5700
264.0,22.22,756500,16724725.0,22.23,22.22,22.21,22.2,22.19,22.18,22.16,22.15,22.14,22.13,22.24,22.25,22.26,22.27,22.28,22.29,22.3,22.31,22.32,22.33,600,600,2400,6500,3100,500,11300,1100,12800,4300,10300,28500,7000,18600,18200,18900,19900,1300,20000,5700
265.0,22.24,763300,16875957.0,22.23,22.22,22.21,22.2,22.19,22.18,22.16,22.15,22.14,22.13,22.24,22.25,22.26,22.27,22.28,22.29,22.3,22.31,22.32,22.33,800,600,2400,6500,3100,500,11300,1100,12800,4300,3500,30500,7200,18600,18200,18900,19900,1300,20000,5700
266.0,22.23,764100,16893741.0,22.22,22.21,22.2,22.19,22.18,22.15,22.14,22.13,22.12,22.11,22.24,22.25,22.26,22.27,22.28,22.29,22.3,22.31,22.32,22.33,600,2400,6500,3100,500,1100,2200,4300,1300,2400,9200,30500,7200,18600,18200,18600,19900,1300,20000,5700
267.0,22.21,766400,16944875.0,22.21,22.2,22.19,22.18,22.15,22.14,22.13,22.12,22.11,22.1,22.24,22.25,22.26,22.27,22.28,22.29,22.3,22.31,22.32,22.33,2200,7500,2900,500,1100,2200,4300,1300,2400,4000,7900,30500,7600,18600,18200,18600,19900,1300,20000,5700
268.0,22.22,766900,16955987.0,22.21,22.2,22.19,22.18,22.15,22.14,22.13,22.12,22.11,22.1,22.23,22.24,22.25,22.26,22.27,22.28,22.29,22.3,22.31,22.32,3300,7500,2900,500,1100,2200,4300,1300,2400,4000,3200,9600,30500,7600,18600,18200,18600,19900,1300,20000
269.0,22.23,767000,16958210.0,22.21,22.2,22.19,22.18,22.15,22.14,22.13,22.12,22.11,22.1,22.23,22.24,22.25,22.26,22.27,22.28,22.29,22.3,22.31,22.32,3300,7500,2900,500,1100,2200,4300,1300,2400,4000,3100,9600,31000,7600,18600,18200,18600,20300,1300,20000
270.0,22.21,767300,16964873.0,22.21,22.2,22.19,22.18,22.15,22.14,22.13,22.12,22.11,22.1,22.23,22.24,22.25,22.26,22.27,22.28,22.29,22.3,22.31,22.32,3000,7500,2900,500,1100,2200,4300,1300,2400,4000,3100,19100,31000,7600,18600,18200,18600,20300,1300,20000
271.0,22.23,768600,16993766.0,22.21,22.2,22.19,22.18,22.15,22.14,22.13,22.12,22.11,22.1,22.23,22.24,22.25,22.26,22.27,22.28,22.29,22.3,22.31,22.32,2700,7500,2900,500,1100,2200,4300,1300,2400,4000,2100,19100,31000,7600,18600,18200,18600,20300,1300,20000
272.0,22.23,769500,17013760.0,22.21,22.2,22.19,22.18,22.15,22.14,22.13,22.12,22.11,22.1,22.22,22.23,22.24,22.25,22.26,22.27,22.28,22.29,22.3,22.31,2200,7500,2900,500,1100,2200,4300,1300,2400,4000,100,2000,19300,29000,7600,18600,18200,18600,20300,1300
273.0,22.21,769900,17022644.0,22.21,22.2,22.19,22.18,22.15,22.14,22.13,22.12,22.11,22.1,22.22,22.23,22.24,22.25,22.26,22.27,22.28,22.29,22.3,22.31,1800,7500,2900,500,1100,2200,4300,1300,2400,4000,100,2000,19800,29000,7600,18600,18200,18600,16900,1300
274.0,22.24,788300,17431827.0,22.21,22.2,22.19,22.18,22.15,22.14,22.13,22.12,22.11,22.1,22.23,22.24,22.25,22.26,22.27,22.28,22.29,22.3,22.31,22.32,1700,7500,2900,500,1100,2200,4300,1300,2400,4000,500,5400,29000,7600,18600,18200,18600,16900,1300,20000
275.0,22.22,788600,17438493.0,22.22,22.21,22.2,22.19,22.18,22.15,22.14,22.13,22.12,22.11,22.23,22.24,22.25,22.26,22.27,22.28,22.29,22.3,22.31,22.32,1000,5700,7500,2900,500,1100,2200,4300,1300,2400,500,6000,29000,7600,18600,18200,18600,16900,1300,20000
276.0,22.22,789600,17460713.0,22.21,22.2,22.19,22.18,22.15,22.14,22.13,22.12,22.11,22.1,22.23,22.24,22.25,22.26,22.27,22.28,22.29,22.3,22.31,22.32,5700,7500,2900,500,1100,1100,4300,1300,2400,4000,600,6000,30500,7600,18600,18200,18600,16900,1300,20000
277.0,22.21,790400,17478481.0,22.21,22.2,22.19,22.18,22.15,22.14,22.13,22.12,22.11,22.1,22.22,22.23,22.24,22.25,22.26,22.27,22.28,22.29,22.3,22.31,1400,7500,2900,500,1100,1100,4300,1300,2400,4000,300,600,6000,30500,7600,18600,18200,18600,16900,1300
278.0,22.22,790900,17489591.0,22.22,22.21,22.2,22.19,22.18,22.15,22.14,22.13,22.12,22.11,22.23,22.24,22.25,22.26,22.27,22.28,22.29,22.3,22.31,22.32,500,1900,12500,2900,500,1100,1100,4300,1300,2400,300,6000,30500,7600,18600,18200,18600,16900,1300,20000
279.0,22.22,791100,17494036.0,22.22,22.21,22.2,22.19,22.18,22.15,22.14,22.13,22.12,22.11,22.23,22.24,22.25,22.26,22.27,22.28,22.29,22.3,22.31,22.32,1000,3400,13500,1400,500,1100,1100,4300,1300,2400,300,7000,30500,7600,18600,18200,18600,17400,1300,20000
280.0,22.22,792200,17518478.0,22.21,22.2,22.19,22.18,22.15,22.14,22.13,22.12,22.11,22.1,22.22,22.23,22.24,22.25,22.26,22.27,22.28,22.29,22.3,22.31,3400,13500,1400,500,1100,1100,4300,1300,2400,4000,8700,1300,7000,30800,7600,18600,18200,18600,17400,1300
281.0,22.22,793800,17554027.0,22.21,22.2,22.19,22.18,22.15,22.14,22.13,22.12,22.11,22.1,22.22,22.23,22.24,22.25,22.26,22.27,22.28,22.29,22.3,22.31,3100,12500,1400,500,1100,1100,4300,1300,2400,4000,7400,1600,7000,34800,7600,20600,18200,18600,18400,1300
282.0,22.22,793900,17556249.0,22.21,22.2,22.19,22.18,22.15,22.14,22.13,22.12,22.11,22.1,22.22,22.23,22.24,22.25,22.26,22.27,22.28,22.29,22.3,22.31,3100,12500,1400,500,1100,1100,4300,1300,2400,4000,7900,7100,9000,34800,7600,20600,18200,18600,18400,1300
283.0,22.22,795200,17585135.0,22.21,22.2,22.19,22.18,22.15,22.14,22.13,22.12,22.11,22.1,22.22,22.23,22.24,22.25,22.26,22.27,22.28,22.29,22.3,22.31,3100,12500,1400,500,1100,1100,4300,1300,2400,4000,7600,7100,9000,36400,7600,20600,18200,18600,19400,2300
284.0,22.21,796800,17620684.0,22.21,22.2,22.19,22.18,22.15,22.14,22.13,22.12,22.11,22.1,22.22,22.23,22.24,22.25,22.26,22.27,22.28,22.29,22.3,22.31,2800,12500,1400,500,1100,1100,4300,1300,2400,4000,6500,9200,9500,36400,7600,20600,18200,18600,19400,2300
285.0,22.22,798000,17647338.0,22.21,22.2,22.19,22.18,22.15,22.14,22.13,22.12,22.11,22.1,22.22,22.23,22.24,22.25,22.26,22.27,22.28,22.29,22.3,22.31,300,12500,1400,500,1100,1100,4300,1300,2400,4000,6400,9300,9500,36400,7600,20600,18200,18600,19400,2300
286.0,22.2,800700,17707281.0,22.2,22.19,22.18,22.15,22.14,22.13,22.12,22.11,22.1,22.09,22.22,22.23,22.24,22.25,22.26,22.27,22.28,22.29,22.3,22.31,10100,1400,500,1100,1100,4300,1300,2400,4000,100,6400,14300,12400,36400,7600,20600,18200,18600,19400,2300
287.0,22.2,810000,17913741.0,22.2,22.19,22.18,22.16,22.15,22.14,22.13,22.12,22.11,22.1,22.21,22.22,22.23,22.24,22.25,22.26,22.27,22.28,22.29,22.3,800,1400,500,1400,1100,1100,4300,1300,2400,4000,900,6400,14300,12400,36400,7600,20600,18200,18600,19500
288.0,22.2,811800,17953701.0,22.19,22.18,22.16,22.15,22.14,22.13,22.12,22.11,22.1,22.09,22.2,22.21,22.22,22.23,22.24,22.25,22.26,22.27,22.28,22.29,1400,500,4800,1100,1100,4300,1300,2400,4000,100,200,900,6900,14300,12400,36400,7600,20600,18200,18600
289.0,22.2,812000,17958141.0,22.2,22.19,22.18,22.17,22.16,22.15,22.14,22.13,22.12,22.11,22.21,22.22,22.23,22.24,22.25,22.26,22.27,22.28,22.29,22.3,15500,1400,500,3500,4800,1100,1100,2700,11300,2400,1400,7100,14900,12400,37900,7600,20600,18200,18600,19500
290.0,22.2,812000,17958141.0,22.2,22.19,22.18,22.16,22.15,22.14,22.13,22.12,22.11,22.1,22.21,22.22,22.23,22.24,22.25,22.26,22.27,22.28,22.29,22.3,15500,1400,500,4800,1100,1100,2700,11300,2400,4000,1400,7200,12800,10400,37900,7600,20600,18200,18600,19500
291.0,22.2,815400,18033621.0,22.2,22.19,22.18,22.16,22.15,22.14,22.13,22.12,22.11,22.1,22.21,22.22,22.23,22.24,22.25,22.26,22.27,22.28,22.29,22.3,12100,1400,500,4800,1100,1100,2700,11300,2400,4000,1400,7200,12800,10400,37900,7600,20600,18200,18600,19500
292.0,22.19,828000,18313336.0,22.19,22.18,22.16,22.15,22.14,22.13,22.12,22.11,22.1,22.09,22.2,22.21,22.22,22.23,22.24,22.25,22.26,22.27,22.28,22.29,900,500,4800,1100,1100,2700,11300,2400,4000,100,500,1400,7300,12800,10400,37900,7600,20600,18200,18600
293.0,22.2,828300,18319996.0,22.19,22.18,22.17,22.16,22.15,22.14,22.13,22.12,22.11,22.1,22.2,22.21,22.22,22.23,22.24,22.25,22.26,22.27,22.28,22.29,900,4000,500,4800,1100,1100,2700,11300,2400,4000,2500,1400,7900,12800,10400,37900,7600,22600,18200,18600
294.0,22.22,835900,18488804.0,22.19,22.18,22.16,22.15,22.14,22.13,22.12,22.11,22.1,22.09,22.22,22.23,22.24,22.25,22.26,22.27,22.28,22.29,22.3,22.31,900,4000,5100,1100,1100,2700,11300,2400,4000,100,4200,12800,10400,37900,7600,22600,18200,18600,19000,2300
295.0,22.21,836400,18499909.0,22.2,22.19,22.18,22.16,22.15,22.14,22.13,22.12,22.11,22.1,22.21,22.22,22.23,22.24,22.25,22.26,22.27,22.28,22.29,22.3,1300,2100,4000,5100,1100,1100,2700,11300,2400,4000,2000,7300,12800,10400,37900,7600,22600,18200,18600,19000
296.0,22.21,837600,18526555.0,22.2,22.19,22.18,22.16,22.15,22.14,22.13,22.12,22.11,22.1,22.21,22.22,22.23,22.24,22.25,22.26,22.27,22.28,22.29,22.3,800,5000,500,5100,1100,1100,2700,11300,2400,4000,3500,7300,12900,19600,37900,7600,22600,20200,18600,19000
297.0,22.21,837600,18526555.0,22.2,22.19,22.18,22.16,22.15,22.14,22.13,22.12,22.11,22.1,22.21,22.22,22.23,22.24,22.25,22.26,22.27,22.28,22.29,22.3,100,5000,1400,5100,1100,1100,2700,11300,2400,4000,3500,7300,12900,19600,37900,7600,22600,20200,18600,19000
298.0,22.21,837700,18528776.0,22.19,22.18,22.16,22.15,22.14,22.13,22.12,22.11,22.1,22.09,22.21,22.22,22.23,22.24,22.25,22.26,22.27,22.28,22.29,22.3,5000,1500,5100,1100,1100,2700,11300,2400,4000,100,5400,7300,12900,19600,38900,7600,22600,20200,18600,19000
299.0,22.19,838100,18537652.0,22.19,22.18,22.16,22.15,22.14,22.13,22.12,22.11,22.1,22.09,22.2,22.21,22.22,22.23,22.24,22.25,22.26,22.27,22.28,22.29,4600,1500,5100,1100,1100,2700,11300,2400,4000,100,500,5400,7300,12900,19600,38900,7600,22600,20200,18600
300.0,22.2,838400,18544312.0,22.19,22.18,22.16,22.15,22.14,22.13,22.12,22.11,22.1,22.09,22.2,22.21,22.22,22.23,22.24,22.25,22.26,22.27,22.28,22.29,4600,1500,5100,1100,1100,2700,11300,2400,4000,100,200,5400,7300,12900,19600,38900,7600,22600,20200,18600
301.0,22.2,839000,18557628.0,22.19,22.18,22.16,22.15,22.14,22.13,22.12,22.11,22.1,22.09,22.21,22.22,22.23,22.24,22.25,22.26,22.27,22.28,22.29,22.3,4600,1500,5100,1100,1100,2700,11300,2400,4000,100,5500,7200,12900,19900,38900,7600,22600,20200,18600,19000
302.0,22.2,839700,18573167.0,22.19,22.18,22.16,22.15,22.14,22.13,22.12,22.11,22.1,22.09,22.2,22.21,22.22,22.23,22.24,22.25,22.26,22.27,22.28,22.29,4300,2600,5100,1100,1100,2700,11300,2400,4000,100,7000,7100,7200,12900,19900,38900,7600,22600,20200,18600
303.0,22.2,841100,18604247.0,22.19,22.18,22.16,22.15,22.14,22.13,22.12,22.11,22.1,22.09,22.2,22.21,22.22,22.23,22.24,22.25,22.26,22.27,22.28,22.29,4300,3100,5100,1100,1100,2700,11300,2400,4000,100,5600,8100,7200,12900,19900,38900,7600,22600,20200,18600
304.0,22.2,841300,18608687.0,22.19,22.18,22.16,22.15,22.14,22.13,22.12,22.11,22.1,22.09,22.2,22.21,22.22,22.23,22.24,22.25,22.26,22.27,22.28,22.29,4300,3100,5100,1100,1100,2700,11300,2400,4000,100,5600,8100,7200,12900,19900,43400,7600,22600,20200,18600
305.0,22.19,841700,18617563.0,22.19,22.18,22.16,22.15,22.14,22.13,22.12,22.11,22.1,22.09,22.2,22.21,22.22,22.23,22.24,22.25,22.26,22.27,22.28,22.29,3900,3500,7400,1100,1100,2700,11300,2400,4000,100,5600,8100,7200,12900,19900,43100,7600,22600,20200,18600
306.0,22.2,842400,18633100.0,22.19,22.18,22.16,22.15,22.14,22.13,22.12,22.11,22.1,22.09,22.2,22.21,22.22,22.23,22.24,22.25,22.26,22.27,22.28,22.29,3600,3500,7400,1100,1100,2700,11300,2400,4000,100,5200,8100,7200,12900,19900,43100,7600,22600,20200,18600
307.0,22.2,842400,18633100.0,22.19,22.18,22.16,22.15,22.14,22.13,22.12,22.11,22.1,22.09,22.2,22.21,22.22,22.23,22.24,22.25,22.26,22.27,22.28,22.29,3600,1500,7400,1100,1100,2700,11300,2400,4000,100,5200,8100,6700,12900,19900,43100,7600,22600,20200,18600
308.0,22.2,844100,18670830.0,22.19,22.18,22.16,22.15,22.14,22.13,22.12,22.11,22.1,22.09,22.2,22.21,22.22,22.23,22.24,22.25,22.26,22.27,22.28,22.29,2600,1500,7400,1100,1100,2700,11300,2400,4000,100,5600,8100,6700,12900,19900,43100,7600,22600,20200,18600
309.0,22.2,855200,18917278.0,22.2,22.19,22.18,22.16,22.15,22.14,22.13,22.12,22.11,22.1,22.21,22.22,22.23,22.24,22.25,22.26,22.27,22.28,22.29,22.3,1200,4900,1500,7400,1100,1100,2700,11300,2400,4000,5300,11600,12900,20300,43100,7600,22600,20200,18600,19800
310.0,22.21,856300,18941704.0,22.2,22.19,22.18,22.16,22.15,22.14,22.13,22.12,22.11,22.1,22.21,22.22,22.23,22.24,22.25,22.26,22.27,22.28,22.29,22.3,900,4900,1800,7400,1400,1100,2700,11300,2400,4000,4700,11600,12900,20300,43100,7600,22600,20200,18600,19800
311.0,22.2,856800,18952804.0,22.2,22.19,22.18,22.16,22.15,22.14,22.13,22.12,22.11,22.1,22.21,22.22,22.23,22.24,22.25,22.26,22.27,22.28,22.29,22.3,400,4900,1800,7400,1400,1100,2700,11300,2400,4000,4700,11900,12900,20300,63100,7600,22600,20200,18600,19800
312.0,22.2,856800,18952804.0,22.2,22.19,22.18,22.16,22.15,22.14,22.13,22.12,22.11,22.1,22.21,22.22,22.23,22.24,22.25,22.26,22.27,22.28,22.29,22.3,400,4900,1800,7400,1400,1100,2700,11600,2400,5000,4700,11900,12900,20300,63100,7600,22600,20200,18600,19800
313.0,22.2,856800,18952804.0,22.2,22.19,22.18,22.16,22.15,22.14,22.13,22.12,22.11,22.1,22.21,22.22,22.23,22.24,22.25,22.26,22.27,22.28,22.29,22.3,400,4900,2800,7100,1400,1100,2700,11600,2400,5000,5200,11900,12900,20300,62100,7600,22600,20200,18600,19800
314.0,22.2,857200,18961684.0,22.19,22.18,22.16,22.15,22.14,22.13,22.12,22.11,22.1,22.09,22.21,22.22,22.23,22.24,22.25,22.26,22.27,22.28,22.29,22.3,4900,3300,7100,1400,1100,2700,11600,2400,5000,100,7600,11900,12900,20300,62100,7600,22600,20200,18600,19800
315.0,22.19,857600,18970560.0,22.2,22.19,22.18,22.16,22.15,22.14,22.13,22.12,22.11,22.1,22.21,22.22,22.23,22.24,22.25,22.26,22.27,22.28,22.29,22.3,2400,5300,3300,7100,1400,1100,2700,11600,2400,5000,7600,11900,12900,20300,62100,7600,22600,20200,18600,19800
316.0,22.19,857600,18970560.0,22.2,22.19,22.18,22.16,22.15,22.14,22.13,22.12,22.11,22.1,22.21,22.22,22.23,22.24,22.25,22.26,22.27,22.28,22.29,22.3,2400,5300,3300,7100,1400,1100,2700,11600,2400,5000,8700,11900,12600,20300,62100,7600,22600,20200,18600,19800
317.0,22.2,859600,19014960.0,22.2,22.19,22.18,22.16,22.15,22.14,22.13,22.12,22.11,22.1,22.21,22.22,22.23,22.24,22.25,22.26,22.27,22.28,22.29,22.3,400,3000,3300,7100,1400,1100,2700,11600,2400,5000,8700,11900,12600,20300,62100,7600,22600,20200,18600,19800
318.0,22.2,860000,19023840.0,22.19,22.18,22.16,22.15,22.14,22.13,22.12,22.11,22.1,22.09,22.2,22.21,22.22,22.23,22.24,22.25,22.26,22.27,22.28,22.29,3000,3300,7100,1400,1100,2700,11600,2400,5000,100,800,8700,11900,12600,20300,62100,7600,22600,20200,18600
319.0,22.19,861200,19050472.0,22.19,22.18,22.16,22.15,22.14,22.13,22.12,22.11,22.1,22.09,22.2,22.21,22.22,22.23,22.24,22.25,22.26,22.27,22.28,22.29,2200,3300,7100,1400,1100,2700,11600,2400,5000,100,400,8700,11900,12400,20300,62100,7600,22600,20200,18600
320.0,22.2,862500,19079328.0,22.2,22.19,22.18,22.16,22.15,22.14,22.13,22.12,22.11,22.1,22.21,22.22,22.23,22.24,22.25,22.26,22.27,22.28,22.29,22.3,2800,1800,3000,7100,1400,1100,2700,11600,2400,5000,8700,11900,12400,20300,62100,7600,22600,20200,18600,19800
321.0,22.2,862700,19083768.0,22.2,22.19,22.18,22.16,22.15,22.14,22.13,22.12,22.11,22.1,22.21,22.22,22.23,22.24,22.25,22.26,22.27,22.28,22.29,22.3,4400,2500,3000,6000,1400,1100,2700,11600,2400,5000,8700,11900,12400,20300,62100,7600,22600,20200,18600,19800
322.0,22.2,863200,19094868.0,22.2,22.19,22.18,22.16,22.15,22.14,22.13,22.12,22.11,22.1,22.21,22.22,22.23,22.24,22.25,22.26,22.27,22.28,22.29,22.3,3900,2500,3000,6000,1400,1100,2700,11600,2400,5000,8700,11900,12400,20300,62900,7600,22600,20200,18600,19800
323.0,22.2,867500,19190328.0,22.19,22.18,22.16,22.15,22.14,22.13,22.12,22.11,22.1,22.08,22.2,22.21,22.22,22.23,22.24,22.25,22.26,22.27,22.28,22.29,2500,3000,6000,1400,1100,2700,11600,2400,5000,2400,5500,8700,11900,12400,20300,62900,7600,22600,20200,18600
324.0,22.2,867500,19190328.0,22.19,22.18,22.16,22.15,22.14,22.13,22.12,22.11,22.1,22.08,22.2,22.21,22.22,22.23,22.24,22.25,22.26,22.27,22.28,22.29,2500,3000,6000,1400,1100,3100,11600,2400,5000,2400,6400,8800,11900,12400,20300,62900,7600,22600,20200,18600
325.0,22.2,867900,19199208.0,22.19,22.18,22.16,22.15,22.14,22.13,22.12,22.11,22.1,22.08,22.2,22.21,22.22,22.23,22.24,22.25,22.26,22.27,22.28,22.29,2500,3400,6000,1400,1100,3100,11600,2400,5000,2400,6000,8800,11900,12400,20300,62900,7600,22600,20200,18600
326.0,22.2,869000,19223618.0,22.19,22.18,22.16,22.15,22.14,22.13,22.12,22.11,22.1,22.08,22.2,22.21,22.22,22.23,22.24,22.25,22.26,22.27,22.28,22.29,1500,3400,6000,1400,1100,3100,11600,2400,5000,2400,5900,8800,11900,12400,20300,62900,7600,22600,20200,18600
327.0,22.2,869200,19228058.0,22.19,22.18,22.16,22.15,22.14,22.13,22.12,22.11,22.1,22.08,22.2,22.21,22.22,22.23,22.24,22.25,22.26,22.27,22.28,22.29,1500,3400,6000,1400,1100,3100,11600,2400,5000,2400,6400,14700,11900,12400,20300,62900,7600,22600,20200,18600
328.0,22.19,870800,19263562.0,22.19,22.18,22.17,22.16,22.15,22.14,22.13,22.12,22.11,22.1,22.2,22.21,22.22,22.23,22.24,22.25,22.26,22.27,22.28,22.29,500,3400,1100,6000,1400,1100,3100,11600,2400,5000,6400,14700,11900,12400,20300,62900,8100,22600,20200,18600
329.0,22.19,870900,19265781.0,22.19,22.18,22.17,22.16,22.15,22.14,22.13,22.12,22.11,22.1,22.2,22.21,22.22,22.23,22.24,22.25,22.26,22.27,22.28,22.29,400,3400,1100,6000,1400,1100,3100,11600,2400,5000,6400,14700,11900,12400,21800,62900,8100,22600,20200,18600
330.0,22.19,870900,19265781.0,22.19,22.18,22.17,22.16,22.15,22.14,22.13,22.12,22.11,22.1,22.2,22.21,22.22,22.23,22.24,22.25,22.26,22.27,22.28,22.29,400,3400,1100,6000,1400,1100,3100,11600,2400,5000,7200,14700,11900,12400,21800,62900,8100,22600,20200,18600
331.0,22.18,871700,19283531.0,22.18,22.17,22.16,22.15,22.14,22.13,22.12,22.11,22.1,22.08,22.2,22.21,22.22,22.23,22.24,22.25,22.26,22.27,22.28,22.29,3100,1100,6000,1400,1100,3100,11600,2400,5000,2400,7100,14700,12300,12400,21800,62900,8100,22600,20200,18600
332.0,22.18,872000,19290185.0,22.18,22.17,22.16,22.15,22.14,22.13,22.12,22.11,22.1,22.08,22.19,22.2,22.21,22.22,22.23,22.24,22.25,22.26,22.27,22.28,3100,1100,6000,1400,1100,3100,11600,2400,5000,2400,1300,7100,14700,12300,12400,21800,62900,8100,22600,20200
333.0,22.18,873700,19327905.0,22.18,22.17,22.16,22.15,22.14,22.13,22.12,22.11,22.1,22.08,22.2,22.21,22.22,22.23,22.24,22.25,22.26,22.27,22.28,22.29,2800,1100,6000,1400,1100,3100,11600,2400,5000,2400,7400,14700,12300,12400,21800,62900,8100,22600,20200,18600
334.0,22.18,880500,19478861.0,22.18,22.17,22.16,22.15,22.14,22.13,22.12,22.11,22.1,22.08,22.2,22.21,22.22,22.23,22.24,22.25,22.26,22.27,22.28,22.29,2600,1100,6000,1400,1100,3100,11600,2400,5000,2400,1700,14700,12300,12400,25600,62900,8100,22600,20200,18600
335.0,22.2,881400,19498839.0,22.18,22.17,22.16,22.15,22.14,22.13,22.12,22.11,22.1,22.08,22.2,22.21,22.22,22.23,22.24,22.25,22.26,22.27,22.28,22.29,2700,1100,6000,1400,1100,3100,11600,2400,5000,2400,1100,14700,12300,12400,25600,62900,8100,22600,20200,18600
336.0,22.18,881800,19507711.0,22.18,22.17,22.16,22.15,22.14,22.13,22.12,22.11,22.1,22.08,22.2,22.21,22.22,22.23,22.24,22.25,22.26,22.27,22.28,22.29,2300,1100,6000,1400,1100,3100,11600,2400,5000,2400,1100,14700,12400,14800,25600,62900,8100,22600,20200,18600
337.0,22.18,882400,19521019.0,22.18,22.17,22.16,22.15,22.14,22.13,22.12,22.11,22.1,22.08,22.2,22.21,22.22,22.23,22.24,22.25,22.26,22.27,22.28,22.29,1700,1100,6000,1400,1100,3100,11600,2400,5000,2400,1100,14700,12400,14800,25600,62900,8100,22600,20200,18600
338.0,22.2,883200,19538779.0,22.18,22.17,22.16,22.15,22.14,22.13,22.12,22.11,22.1,22.08,22.2,22.21,22.22,22.23,22.24,22.25,22.26,22.27,22.28,22.29,3200,1100,6000,1400,1100,3100,11600,2400,5000,2400,1000,14700,12400,14800,25600,62900,8100,22600,20200,18600
339.0,22.18,884900,19576485.0,22.18,22.17,22.16,22.15,22.14,22.13,22.12,22.11,22.1,22.08,22.2,22.21,22.22,22.23,22.24,22.25,22.26,22.27,22.28,22.29,1500,1100,6000,1400,1100,3100,11600,2400,5000,2400,1000,14700,12400,14800,25600,62900,8100,22600,20200,18600
340.0,22.18,884900,19576485.0,22.18,22.17,22.16,22.15,22.14,22.13,22.12,22.11,22.1,22.08,22.2,22.21,22.22,22.23,22.24,22.25,22.26,22.27,22.28,22.29,1500,1100,6000,1400,1100,3100,11600,2400,5000,2400,6000,14700,13200,14800,25600,62900,8100,22600,20200,18600
341.0,22.2,887100,19625320.0,22.18,22.17,22.16,22.15,22.14,22.13,22.12,22.11,22.1,22.08,22.2,22.21,22.22,22.23,22.24,22.25,22.26,22.27,22.28,22.29,1500,1100,6000,1400,1100,3100,11600,2400,5000,2400,4400,14700,13200,14800,25600,62900,8100,22600,20200,18600
342.0,22.19,889300,19674143.0,22.19,22.18,22.17,22.16,22.15,22.14,22.13,22.12,22.11,22.1,22.2,22.21,22.22,22.23,22.24,22.25,22.26,22.27,22.28,22.29,300,1500,1100,4100,1400,1100,3100,11600,2400,5000,3900,13700,13200,14800,25600,63100,8100,22600,20200,18600
343.0,22.2,889500,19678583.0,22.19,22.18,22.17,22.16,22.15,22.14,22.13,22.12,22.11,22.1,22.2,22.21,22.22,22.23,22.24,22.25,22.26,22.27,22.28,22.29,300,2200,1100,4100,1400,1100,3100,11600,2400,5000,4200,13700,13300,14800,25600,63100,8100,22600,20200,18600
344.0,22.2,890000,19689683.0,22.19,22.18,22.16,22.15,22.14,22.13,22.12,22.11,22.1,22.08,22.2,22.21,22.22,22.23,22.24,22.25,22.26,22.27,22.28,22.29,300,2700,4100,1900,1100,3100,11600,2400,5000,2400,4200,13700,13300,14800,25600,63100,8100,22600,20200,18600
345.0,22.18,890700,19705212.0,22.18,22.16,22.15,22.14,22.13,22.12,22.11,22.1,22.08,22.07,22.2,22.21,22.22,22.23,22.24,22.25,22.26,22.27,22.28,22.29,8300,4100,1900,1100,3100,11600,2400,5000,2400,200,4400,13700,13300,14800,25600,63100,8100,22600,20200,18600
346.0,22.2,891300,19718524.0,22.18,22.16,22.15,22.14,22.13,22.12,22.11,22.1,22.08,22.07,22.2,22.21,22.22,22.23,22.24,22.25,22.26,22.27,22.28,22.29,8400,4100,1900,1100,3100,11600,2400,5000,2400,200,4800,13700,13300,14200,25600,63100,8100,22600,20200,18600
347.0,22.2,892000,19734064.0,22.18,22.16,22.15,22.14,22.13,22.12,22.11,22.1,22.08,22.07,22.2,22.21,22.22,22.23,22.24,22.25,22.26,22.27,22.28,22.29,8500,4100,1900,1100,3100,11600,2400,5000,2400,200,4100,13700,13300,14200,25600,63100,8100,22600,20200,18600
348.0,22.2,893300,19762924.0,22.18,22.16,22.15,22.14,22.13,22.12,22.11,22.1,22.08,22.07,22.19,22.2,22.21,22.22,22.23,22.24,22.25,22.26,22.27,22.28,9900,4100,1900,1100,14500,11500,2400,5000,2400,200,1700,2800,13700,13300,14200,25600,63100,8100,22600,20200
349.0,22.2,899400,19898247.0,22.19,22.18,22.16,22.15,22.14,22.13,22.12,22.11,22.1,22.08,22.2,22.21,22.22,22.23,22.24,22.25,22.26,22.27,22.28,22.29,100,5900,4100,1900,1100,14500,11500,2400,5000,2400,4400,13700,13300,9200,25600,63100,8100,22600,20200,18600
350.0,22.2,899400,19898247.0,22.19,22.18,22.16,22.15,22.14,22.13,22.12,22.11,22.1,22.08,22.2,22.21,22.22,22.23,22.24,22.25,22.26,22.27,22.28,22.29,100,6900,4100,1900,1100,14600,11500,2400,5000,2400,4400,13700,13300,9200,25600,63100,8100,22600,20200,18600
351.0,22.2,899400,19898247.0,22.19,22.18,22.16,22.15,22.14,22.13,22.12,22.11,22.1,22.08,22.2,22.21,22.22,22.23,22.24,22.25,22.26,22.27,22.28,22.29,200,6900,11100,1900,1100,14600,11500,2400,5000,2400,4400,13700,13300,9200,25600,63100,8100,22600,20200,18600
352.0,22.18,903800,19995845.0,22.18,22.16,22.15,22.14,22.13,22.12,22.11,22.1,22.08,22.07,22.2,22.21,22.22,22.23,22.24,22.25,22.26,22.27,22.28,22.29,3200,11100,1900,1100,14600,11500,2400,5000,2400,200,4200,13700,13300,9200,25600,63100,8100,22600,20200,18600
353.0,22.18,904700,20015813.0,22.18,22.17,22.16,22.15,22.14,22.13,22.12,22.11,22.1,22.08,22.19,22.2,22.21,22.22,22.23,22.24,22.25,22.26,22.27,22.28,2600,100,11200,1900,1100,14600,11500,2400,5000,2400,500,6600,13700,13300,9200,25600,63100,8100,22600,20200
354.0,22.18,905200,20026903.0,22.18,22.17,22.16,22.15,22.14,22.13,22.12,22.11,22.1,22.08,22.19,22.2,22.21,22.22,22.23,22.24,22.25,22.26,22.27,22.28,2100,100,13900,1900,1100,14600,11500,2400,5000,2400,500,6600,13700,13300,9200,25600,63100,8100,22600,20200
355.0,22.18,906600,20057955.0,22.18,22.17,22.16,22.15,22.14,22.13,22.12,22.11,22.1,22.08,22.19,22.2,22.21,22.22,22.23,22.24,22.25,22.26,22.27,22.28,700,19400,13900,1900,4600,14600,11500,2400,5000,2400,500,13100,13700,13200,9200,25600,63100,8100,22600,20200
356.0,22.18,906600,20057955.0,22.18,22.17,22.16,22.15,22.14,22.13,22.12,22.11,22.1,22.08,22.19,22.2,22.21,22.22,22.23,22.24,22.25,22.26,22.27,22.28,700,19400,15300,1900,4600,15100,11500,2400,5000,2400,500,13100,13700,13200,9200,25600,63100,8100,22600,20200
357.0,22.18,906600,20057955.0,22.18,22.17,22.16,22.15,22.14,22.13,22.12,22.11,22.1,22.08,22.19,22.2,22.21,22.22,22.23,22.24,22.25,22.26,22.27,22.28,900,19400,15300,1900,4600,15100,11500,2400,5000,2400,500,14700,13700,13200,9200,25600,63100,8100,22600,20200
358.0,22.18,906700,20060173.0,22.18,22.17,22.16,22.15,22.14,22.13,22.12,22.11,22.1,22.08,22.19,22.2,22.21,22.22,22.23,22.24,22.25,22.26,22.27,22.28,800,19400,15300,1900,4600,15100,11500,2400,5000,2400,500,14700,13700,13200,9200,25600,63100,8100,22600,20200
359.0,22.18,906800,20062391.0,22.18,22.17,22.16,22.15,22.14,22.13,22.12,22.11,22.1,22.08,22.19,22.2,22.21,22.22,22.23,22.24,22.25,22.26,22.27,22.28,800,22100,15300,1900,4600,15000,11500,2400,5600,2400,500,14700,13700,13400,9200,25600,63100,8100,22600,20200
360.0,22.18,908400,20097886.0,22.17,22.16,22.15,22.14,22.13,22.12,22.11,22.1,22.08,22.07,22.18,22.2,22.21,22.22,22.23,22.24,22.25,22.26,22.27,22.28,23400,13900,1900,4600,15000,11500,2400,5600,2400,200,1000,14600,13700,13400,9200,25600,63100,8100,22600,20200
361.0,22.18,909400,20120066.0,22.17,22.16,22.15,22.14,22.13,22.12,22.11,22.1,22.08,22.07,22.18,22.2,22.21,22.22,22.23,22.24,22.25,22.26,22.27,22.28,20900,13900,2000,4600,15000,11500,2400,5600,2400,200,100,17600,13600,13400,9200,25600,63100,8100,23100,20200
362.0,22.18,909500,20122284.0,22.18,22.17,22.16,22.15,22.14,22.13,22.12,22.11,22.1,22.08,22.2,22.21,22.22,22.23,22.24,22.25,22.26,22.27,22.28,22.29,900,23300,13900,2000,4600,15000,11500,2400,5600,2400,17600,13600,13100,9200,25600,63100,8100,23100,20200,18600
363.0,22.18,909500,20122284.0,22.19,22.18,22.17,22.16,22.15,22.14,22.13,22.12,22.11,22.1,22.2,22.21,22.22,22.23,22.24,22.25,22.26,22.27,22.28,22.29,1000,100,23300,13900,2000,4600,15000,11500,2400,5600,17600,13600,13100,9200,25600,63100,8100,23100,20200,18600
364.0,22.18,909500,20122284.0,22.19,22.18,22.17,22.16,22.15,22.14,22.13,22.12,22.11,22.1,22.2,22.21,22.22,22.23,22.24,22.25,22.26,22.27,22.28,22.29,1600,2700,4100,13900,2000,4600,15000,11500,2400,5600,17600,13600,13100,9200,25600,63100,8100,23100,20200,18600
365.0,22.19,909600,20124503.0,22.19,22.18,22.17,22.16,22.15,22.14,22.13,22.12,22.11,22.1,22.2,22.21,22.22,22.23,22.24,22.25,22.26,22.27,22.28,22.29,1800,3400,4100,13900,2000,4600,15000,11500,2400,5600,17600,13600,13100,9200,25600,63100,8100,23100,20200,18600
366.0,22.19,910000,20133379.0,22.19,22.18,22.17,22.16,22.15,22.14,22.13,22.12,22.11,22.1,22.2,22.21,22.22,22.23,22.24,22.25,22.26,22.27,22.28,22.29,3100,700,2900,13900,2000,4600,15000,11500,2400,6500,18500,13600,13100,9200,25600,63100,8100,23100,20200,18600
367.0,22.2,913500,20211069.0,22.19,22.18,22.17,22.16,22.15,22.14,22.13,22.12,22.11,22.1,22.2,22.21,22.22,22.23,22.24,22.25,22.26,22.27,22.28,22.29,2100,700,2900,13900,2000,4600,15000,11500,2400,6500,16000,13600,13100,9200,25600,63100,8100,23100,20200,19600
368.0,22.2,913500,20211069.0,22.19,22.18,22.17,22.16,22.15,22.14,22.13,22.12,22.11,22.1,22.2,22.21,22.22,22.23,22.24,22.25,22.26,22.27,22.28,22.29,2100,700,2900,13800,2000,4600,15000,11500,2400,6500,16000,13500,13100,9200,25600,63100,8100,23100,20200,19600
369.0,22.19,913700,20215507.0,22.19,22.18,22.17,22.16,22.15,22.14,22.13,22.12,22.11,22.1,22.2,22.21,22.22,22.23,22.24,22.25,22.26,22.27,22.28,22.29,1900,700,2900,13800,2000,4600,15000,11500,2400,6500,16000,13500,13100,9200,25600,63100,8100,23100,20200,19600
370.0,22.19,915600,20257668.0,22.18,22.17,22.16,22.15,22.14,22.13,22.12,22.11,22.1,22.08,22.19,22.2,22.21,22.22,22.23,22.24,22.25,22.26,22.27,22.28,700,2900,13800,2000,4600,15000,11500,2400,6500,2400,100,16000,13500,13100,9200,25600,63100,8100,23100,20200
371.0,22.18,916000,20266540.0,22.18,22.17,22.16,22.15,22.14,22.13,22.12,22.11,22.1,22.08,22.19,22.2,22.21,22.22,22.23,22.24,22.25,22.26,22.27,22.28,300,2900,13800,2000,4600,15000,11500,2400,6500,2400,2100,16000,13500,13100,9200,25600,63100,8100,23100,20200
372.0,22.18,916900,20286502.0,22.17,22.16,22.15,22.14,22.13,22.12,22.11,22.1,22.08,22.07,22.18,22.19,22.2,22.21,22.22,22.23,22.24,22.25,22.26,22.27,4600,13800,2000,4600,15000,11500,2400,6500,2400,200,400,2100,17200,13500,13100,9200,25600,63100,8100,23100
373.0,22.17,917700,20304238.0,22.17,22.16,22.15,22.14,22.13,22.12,22.11,22.1,22.08,22.07,22.18,22.19,22.2,22.21,22.22,22.23,22.24,22.25,22.26,22.27,3800,13800,2000,4600,15000,11500,2400,6500,2400,200,400,2100,17200,13500,13100,9200,25600,63100,8100,23100
374.0,22.17,917700,20304238.0,22.17,22.16,22.15,22.14,22.13,22.12,22.11,22.1,22.08,22.07,22.18,22.19,22.2,22.21,22.22,22.23,22.24,22.25,22.26,22.27,3800,13800,2000,4600,7100,11500,2400,6500,2400,200,1200,2600,17200,13500,13100,9200,25600,63100,8100,23100
375.0,22.17,917700,20304238.0,22.17,22.16,22.15,22.14,22.13,22.12,22.11,22.1,22.08,22.07,22.18,22.19,22.2,22.21,22.22,22.23,22.24,22.25,22.26,22.27,4100,8600,2000,4600,7100,11500,2400,6500,2400,200,1200,2600,17200,13000,14400,9200,25600,63100,8100,23100
376.0,22.17,918500,20321974.0,22.17,22.16,22.15,22.14,22.13,22.12,22.11,22.1,22.08,22.07,22.18,22.19,22.2,22.21,22.22,22.23,22.24,22.25,22.26,22.27,3300,8600,2000,4600,7100,11500,2400,6500,2400,200,1300,2600,17200,13000,14400,9200,25600,63100,8100,23100
377.0,22.17,920900,20375183.0,22.17,22.16,22.15,22.14,22.13,22.12,22.11,22.1,22.08,22.07,22.18,22.19,22.2,22.21,22.22,22.23,22.24,22.25,22.26,22.27,1000,8600,2000,4600,7100,11500,2400,6500,2400,200,1200,2700,17200,13000,14400,9200,25600,63100,8100,23100
378.0,22.17,921100,20379617.0,22.17,22.16,22.15,22.14,22.13,22.12,22.11,22.1,22.08,22.07,22.18,22.19,22.2,22.21,22.22,22.23,22.24,22.25,22.26,22.27,800,8600,2000,4600,7100,11500,2400,6500,2400,200,1200,3700,17200,13000,14400,9200,25600,63100,8100,23100
379.0,22.17,921100,20379617.0,22.17,22.16,22.15,22.14,22.13,22.12,22.11,22.1,22.08,22.07,22.18,22.19,22.2,22.21,22.22,22.23,22.24,22.25,22.26,22.27,1300,8600,2000,4600,7100,11500,2400,6500,2400,200,3200,7700,17200,13000,14400,9200,25600,63100,8100,23100
380.0,22.17,922700,20415101.0,22.17,22.16,22.15,22.14,22.13,22.12,22.11,22.1,22.08,22.07,22.18,22.19,22.2,22.21,22.22,22.23,22.24,22.25,22.26,22.27,900,8600,2000,4600,7100,11500,2400,6500,2400,200,2100,8200,17200,13000,14400,9200,25600,63600,8100,23100
381.0,22.17,922700,20415101.0,22.17,22.16,22.15,22.14,22.13,22.12,22.11,22.1,22.08,22.07,22.18,22.19,22.2,22.21,22.22,22.23,22.24,22.25,22.26,22.27,900,8600,2000,4600,7300,11500,2400,5700,2400,200,2100,12700,17200,13000,14400,9200,25600,64900,8100,18600
382.0,22.18,925000,20466108.0,22.17,22.16,22.15,22.14,22.13,22.12,22.11,22.1,22.08,22.07,22.18,22.19,22.2,22.21,22.22,22.23,22.24,22.25,22.26,22.27,200,8600,2000,4600,7300,11500,2400,5700,2400,200,7200,13200,17200,13000,14400,9200,25600,64900,8100,18600
383.0,22.17,925200,20470542.0,22.16,22.15,22.14,22.13,22.12,22.11,22.1,22.08,22.07,22.01,22.17,22.18,22.19,22.2,22.21,22.22,22.23,22.24,22.25,22.26,8600,2000,4600,7300,11500,2400,5700,2400,200,700,200,7200,13200,17200,13000,14400,9200,25600,64400,8100
384.0,22.17,925200,20470542.0,22.16,22.15,22.14,22.13,22.12,22.11,22.1,22.08,22.07,22.01,22.17,22.18,22.19,22.2,22.21,22.22,22.23,22.24,22.25,22.26,8600,2000,4600,7300,11500,2400,5700,2400,200,700,200,7300,13400,17400,13000,14400,9200,25600,64400,8100
385.0,22.17,925200,20470542.0,22.16,22.15,22.14,22.13,22.12,22.11,22.1,22.08,22.07,22.01,22.17,22.18,22.19,22.2,22.21,22.22,22.23,22.24,22.25,22.26,8600,2000,4600,7300,11500,2400,5700,2400,200,700,200,8900,13400,17400,13000,14400,9200,25600,60400,8100
386.0,22.17,925200,20470542.0,22.16,22.15,22.14,22.13,22.12,22.11,22.1,22.08,22.07,22.01,22.17,22.18,22.19,22.2,22.21,22.22,22.23,22.24,22.25,22.26,9200,4300,4600,7300,11500,2400,5700,2400,200,700,800,9200,13400,17400,13000,14400,9200,25600,60400,8100
387.0,22.16,925700,20481622.0,22.16,22.15,22.14,22.13,22.12,22.11,22.1,22.08,22.07,22.01,22.17,22.18,22.19,22.2,22.21,22.22,22.23,22.24,22.25,22.26,8700,4300,4600,5900,11500,2400,5700,2400,200,700,5200,9200,13400,17400,13000,14400,9200,25600,60400,8100
388.0,22.16,926100,20490486.0,22.16,22.15,22.14,22.13,22.12,22.11,22.1,22.08,22.07,22.01,22.17,22.18,22.19,22.2,22.21,22.22,22.23,22.24,22.25,22.26,8300,4300,4600,5900,11500,2400,5700,2400,200,700,5200,9200,13400,19400,13000,14400,9200,25600,60400,8100
389.0,22.16,926300,20494918.0,22.16,22.15,22.14,22.13,22.12,22.11,22.1,22.08,22.07,22.01,22.17,22.18,22.19,22.2,22.21,22.22,22.23,22.24,22.25,22.26,7500,4300,4600,5900,11500,2400,5700,2400,200,700,6900,9200,13400,19400,13000,13800,9200,25600,60400,8100
390.0,22.16,927600,20523726.0,22.16,22.15,22.14,22.13,22.12,22.11,22.1,22.08,22.07,22.01,22.17,22.18,22.19,22.2,22.21,22.22,22.23,22.24,22.25,22.26,6200,4500,5000,5900,11500,2400,5700,2400,200,700,8400,9200,13400,19400,13000,13800,9200,25600,60400,8100
391.0,22.16,928000,20532590.0,22.16,22.15,22.14,22.13,22.12,22.11,22.1,22.08,22.07,22.01,22.17,22.18,22.19,22.2,22.21,22.22,22.23,22.24,22.25,22.26,5800,5500,4600,5900,11500,2400,5700,2400,200,700,9200,9200,13400,19400,13000,13800,9200,25600,60400,8100
392.0,22.16,928400,20541456.0,22.16,22.15,22.14,22.13,22.12,22.11,22.1,22.08,22.07,22.01,22.17,22.18,22.19,22.2,22.21,22.22,22.23,22.24,22.25,22.26,5600,5500,4600,5900,11500,2400,5700,2400,200,700,9000,9200,12900,21000,13000,13800,9200,25600,60400,8100
393.0,22.16,929100,20556968.0,22.16,22.15,22.14,22.13,22.12,22.11,22.1,22.08,22.07,22.01,22.17,22.18,22.19,22.2,22.21,22.22,22.23,22.24,22.25,22.26,5800,5800,4600,5900,11500,2400,5700,2400,200,700,9500,9200,12900,21000,13000,13800,9200,25600,60400,8100
394.0,22.16,929500,20565832.0,22.16,22.15,22.14,22.13,22.12,22.11,22.1,22.08,22.07,22.01,22.17,22.18,22.19,22.2,22.21,22.22,22.23,22.24,22.25,22.26,5400,5800,5100,5900,11500,2400,5700,2400,200,700,9600,9200,12900,21000,13000,13800,9200,25600,60400,8100
395.0,22.17,930100,20579130.0,22.16,22.15,22.14,22.13,22.12,22.11,22.1,22.08,22.07,22.01,22.17,22.18,22.19,22.2,22.21,22.22,22.23,22.24,22.25,22.26,5000,5800,5100,5900,11500,2400,5700,2400,200,700,9400,9200,12900,21000,13000,13800,9200,25600,60400,8100
396.0,22.16,934600,20678850.0,22.16,22.15,22.14,22.13,22.12,22.11,22.1,22.08,22.07,22.01,22.17,22.18,22.19,22.2,22.21,22.22,22.23,22.24,22.25,22.26,600,6100,5100,4000,11500,2400,5700,2400,200,700,9400,9200,12900,21000,13000,13800,9200,25600,60400,8100
