LocalTime,LastPrice,TradeVolume,TradeValue,BidPrice1,BidPrice2,BidPrice3,BidPrice4,BidPrice5,BidPrice6,BidPrice7,BidPrice8,BidPrice9,BidPriceA,AskPrice1,AskPrice2,AskPrice3,AskPrice4,AskPrice5,AskPrice6,AskPrice7,AskPrice8,AskPrice9,AskPriceA,BidVolume1,BidVolume2,BidVolume3,BidVolume4,BidVolume5,BidVolume6,BidVolume7,BidVolume8,BidVolume9,BidVolumeA,AskVolume1,AskVolume2,AskVolume3,AskVolume4,AskVolume5,AskVolume6,AskVolume7,AskVolume8,AskVolume9,AskVolumeA
0.0,10.8,1900,20520.0,10.75,10.71,10.66,10.62,10.55,10.5,10.34,10.2,10.05,0.0,10.8,10.85,10.88,10.89,10.9,10.91,10.92,10.94,10.99,11.01,3600,400,1600,1100,500,1300,500,1300,1300,0,2100,200,500,1500,12800,2000,500,400,2200,2000
1.0,10.8,1900,20520.0,10.75,10.71,10.66,10.62,10.55,10.5,10.34,10.2,10.05,0.0,10.79,10.8,10.85,10.88,10.89,10.9,10.91,10.92,10.94,10.99,3600,400,1600,1100,500,1300,500,1300,1300,0,1000,2100,200,500,1500,5900,2000,500,400,2200
2.0,10.8,1900,20520.0,10.75,10.71,10.66,10.62,10.55,10.5,10.34,10.2,10.05,0.0,10.79,10.8,10.85,10.88,10.89,10.9,10.91,10.92,10.94,10.99,3600,400,1600,1100,500,1300,500,1300,1300,0,1000,2100,200,500,1500,5900,2000,500,400,2200
3.0,10.8,1900,20520.0,10.75,10.71,10.66,10.62,10.55,10.5,10.34,10.2,10.05,0.0,10.79,10.8,10.85,10.88,10.89,10.9,10.91,10.92,10.94,10.96,3600,400,1600,1100,500,1300,500,1300,1300,0,1000,2100,200,500,1500,5700,2000,500,400,700
4.0,10.8,1900,20520.0,10.75,10.71,10.66,10.62,10.55,10.5,10.34,10.2,10.05,0.0,10.79,10.8,10.85,10.88,10.89,10.9,10.91,10.92,10.94,10.96,3600,400,1600,1100,500,1300,500,1300,1300,0,1000,2100,500,500,1500,6700,2000,500,400,700
5.0,10.8,1900,20520.0,10.75,10.71,10.66,10.62,10.55,10.5,10.34,10.2,10.05,0.0,10.79,10.8,10.85,10.88,10.9,10.91,10.92,10.94,10.96,10.99,3600,400,1600,1100,500,1300,500,1300,1300,0,1000,2100,500,500,6700,2000,500,400,700,2200
6.0,10.8,1900,20520.0,10.75,10.71,10.66,10.62,10.55,10.5,10.34,10.2,10.05,0.0,10.79,10.8,10.85,10.88,10.9,10.91,10.92,10.94,10.96,10.99,3600,400,1600,1100,1500,1300,500,1300,1300,0,1000,2100,500,500,6700,2000,500,400,700,2200
7.0,10.75,4100,44170.0,10.75,10.71,10.66,10.62,10.55,10.5,10.34,10.2,10.05,0.0,10.79,10.8,10.85,10.88,10.9,10.91,10.92,10.94,10.96,10.99,1400,400,1600,1100,1500,1300,500,1300,1300,0,3300,2100,500,500,6700,2000,500,400,700,2200
8.0,10.75,4100,44170.0,10.75,10.71,10.66,10.62,10.55,10.5,10.34,10.2,10.05,0.0,10.79,10.8,10.85,10.88,10.9,10.91,10.92,10.94,10.96,10.99,1400,400,1600,1100,1500,1300,500,1300,1300,0,3300,19100,500,500,6700,2000,500,400,700,2200
9.0,10.75,4400,47395.0,10.75,10.71,10.66,10.62,10.55,10.5,10.34,10.2,10.05,0.0,10.79,10.8,10.85,10.88,10.9,10.91,10.92,10.94,10.96,10.99,1100,400,1600,1100,1500,1300,500,1300,1300,0,3300,19100,500,500,6700,2000,500,400,700,2200
10.0,10.75,5500,59220.0,10.71,10.66,10.62,10.55,10.5,10.34,10.2,10.05,0.0,0.0,10.75,10.79,10.8,10.85,10.88,10.9,10.91,10.92,10.94,10.96,400,1600,1100,1500,1300,500,1300,1300,0,0,500,3900,19100,500,500,6700,2000,500,400,700
11.0,10.79,6700,72132.0,10.71,10.66,10.62,10.55,10.5,10.34,10.2,10.05,0.0,0.0,10.75,10.79,10.8,10.85,10.88,10.9,10.91,10.92,10.94,10.96,400,1600,1100,1500,1300,500,1300,1300,0,0,300,3600,20100,500,500,6700,2000,500,400,700
12.0,10.79,6700,72132.0,10.72,10.71,10.66,10.62,10.55,10.5,10.34,10.2,10.05,0.0,10.75,10.78,10.79,10.8,10.85,10.88,10.9,10.91,10.92,10.94,800,400,1600,1100,1500,1300,500,1300,1300,0,1700,500,3300,20100,500,500,6700,2000,500,400
13.0,10.59,11400,122202.0,10.59,10.58,10.55,10.5,10.34,10.2,10.05,0.0,0.0,0.0,10.71,10.75,10.79,10.8,10.85,10.88,10.9,10.91,10.92,10.94,110100,1200,1500,1300,500,1300,1300,0,0,0,500,1700,3000,20100,500,500,6700,2000,500,400
14.0,10.63,18000,192256.0,10.62,10.61,10.6,10.59,10.58,10.55,10.5,10.34,10.2,10.05,10.63,10.65,10.67,10.69,10.72,10.74,10.75,10.79,10.8,10.85,11200,38100,200,106700,2800,1500,1300,500,1300,1300,6100,9500,9600,9800,700,500,2100,3000,20100,500
15.0,10.63,24100,257099.0,10.65,10.63,10.62,10.6,10.59,10.58,10.55,10.5,10.34,10.2,10.72,10.75,10.79,10.8,10.85,10.88,10.9,10.91,10.92,10.94,4600,4000,100,3100,10700,1200,1500,1300,500,1300,700,300,3000,20100,500,500,6700,2000,500,400
16.0,10.63,24100,257099.0,10.71,10.65,10.64,10.63,10.6,10.59,10.58,10.55,10.5,10.34,10.72,10.75,10.79,10.8,10.85,10.88,10.9,10.91,10.92,10.94,100,4600,1900,4000,3100,10400,1200,1500,1300,500,700,300,3000,20100,500,500,6700,2000,500,400
17.0,10.72,24900,265674.0,10.67,10.66,10.65,10.64,10.63,10.6,10.59,10.58,10.55,10.5,10.74,10.75,10.79,10.8,10.85,10.88,10.9,10.91,10.92,10.94,400,200,4800,1900,2600,2900,10400,1000,1500,1300,500,300,3000,20100,500,500,6700,2000,500,400
18.0,10.72,24900,265674.0,10.67,10.66,10.65,10.64,10.63,10.6,10.59,10.58,10.55,10.5,10.74,10.75,10.79,10.8,10.85,10.88,10.9,10.91,10.92,10.94,400,200,4800,1900,2600,2900,10000,1000,1500,1300,500,300,3000,20100,500,500,6700,2000,500,400
19.0,10.72,25100,267818.0,10.72,10.67,10.66,10.65,10.64,10.63,10.6,10.59,10.58,10.55,10.74,10.75,10.79,10.8,10.85,10.88,10.9,10.91,10.92,10.94,100,400,200,4800,1900,2600,2900,5100,1000,1500,1300,300,3000,20100,500,500,6700,2000,500,400
20.0,10.72,25200,268890.0,10.68,10.67,10.66,10.65,10.64,10.63,10.61,10.59,10.58,10.55,10.74,10.75,10.79,10.8,10.85,10.88,10.9,10.91,10.92,10.94,1000,400,200,4600,1900,2600,2700,5100,1000,1500,1400,300,3000,20100,500,500,6700,2000,500,400
21.0,10.72,25200,268890.0,10.68,10.67,10.66,10.65,10.64,10.63,10.61,10.59,10.58,10.55,10.72,10.74,10.75,10.79,10.8,10.85,10.88,10.9,10.91,10.92,1000,400,200,4600,1900,2600,2700,5100,1000,1500,4600,1400,300,3000,20100,500,500,6700,2000,500
22.0,10.72,25200,268890.0,10.68,10.67,10.66,10.65,10.64,10.63,10.59,10.58,10.55,10.5,10.72,10.74,10.75,10.79,10.8,10.85,10.88,10.9,10.91,10.92,1000,400,200,4600,1900,2600,5100,1000,1500,1300,4600,1400,300,3000,20100,500,500,6700,2000,500
23.0,10.72,25400,271034.0,10.68,10.67,10.66,10.65,10.64,10.63,10.59,10.58,10.55,10.5,10.72,10.74,10.75,10.79,10.8,10.85,10.88,10.9,10.91,10.92,1000,400,200,2800,1900,300,7100,1000,1500,1300,4400,1400,300,3000,20100,500,500,6700,2000,500
24.0,10.72,25400,271034.0,10.68,10.67,10.66,10.65,10.64,10.63,10.59,10.58,10.55,10.5,10.71,10.72,10.74,10.75,10.79,10.8,10.85,10.88,10.9,10.91,1000,400,200,2800,1900,300,7100,1000,1500,1300,100,4400,1400,300,3000,20100,500,500,6700,2000
25.0,10.72,25400,271034.0,10.68,10.67,10.66,10.65,10.64,10.63,10.59,10.58,10.55,10.5,10.71,10.72,10.74,10.75,10.79,10.8,10.85,10.88,10.9,10.91,1000,400,200,2800,1900,300,7100,1000,1500,1300,100,4400,1400,300,3000,19100,500,500,6700,2000
26.0,10.72,25400,271034.0,10.68,10.67,10.66,10.65,10.64,10.63,10.59,10.58,10.55,10.5,10.71,10.72,10.74,10.75,10.79,10.8,10.85,10.88,10.9,10.91,1000,400,200,2800,1900,300,7100,1000,1500,1300,100,4400,1400,300,3000,19100,500,500,6700,2000
27.0,10.72,25400,271034.0,10.68,10.67,10.66,10.65,10.64,10.63,10.59,10.58,10.55,10.5,10.71,10.72,10.74,10.75,10.79,10.8,10.85,10.88,10.9,10.91,1000,400,200,2800,1900,300,7100,1000,1500,1300,100,4400,1400,300,3000,19100,500,500,6700,2000
28.0,10.72,25400,271034.0,10.68,10.67,10.66,10.65,10.64,10.63,10.59,10.58,10.55,10.5,10.71,10.72,10.74,10.75,10.79,10.8,10.85,10.86,10.88,10.9,1000,400,200,2800,1900,300,7100,1000,1500,1300,100,4400,1400,100,3000,19100,500,500,500,6700
29.0,10.72,25400,271034.0,10.68,10.67,10.66,10.65,10.64,10.63,10.59,10.58,10.55,10.5,10.71,10.72,10.74,10.75,10.79,10.8,10.85,10.86,10.88,10.9,1000,400,200,2800,1900,300,7100,1000,1500,1300,100,4400,1400,100,3000,19100,500,500,500,6700
30.0,10.72,25400,271034.0,10.68,10.67,10.66,10.65,10.64,10.63,10.59,10.58,10.55,10.5,10.71,10.72,10.74,10.75,10.79,10.8,10.85,10.86,10.88,10.9,1000,400,200,2800,1900,300,7100,1000,1500,1300,100,4400,1400,100,3000,19100,500,500,500,6700
31.0,10.71,25500,272105.0,10.71,10.68,10.67,10.66,10.65,10.64,10.63,10.59,10.58,10.55,10.74,10.75,10.79,10.8,10.85,10.86,10.88,10.9,10.91,10.92,200,1000,400,100,2800,1900,300,5600,1000,1500,1400,100,3000,19100,500,500,500,6700,2000,500
32.0,10.71,25500,272105.0,10.71,10.68,10.67,10.66,10.65,10.64,10.63,10.59,10.58,10.55,10.74,10.75,10.79,10.8,10.85,10.86,10.88,10.9,10.91,10.92,300,1000,400,100,2800,1900,300,5600,1000,1500,1400,100,3000,19100,500,500,500,6700,2000,500
33.0,10.68,30100,321242.0,10.67,10.66,10.65,10.64,10.63,10.59,10.58,10.55,10.5,10.34,10.73,10.74,10.75,10.79,10.8,10.85,10.86,10.88,10.9,10.91,400,100,2800,1900,300,5600,1000,1500,1300,500,1100,100,100,3000,19100,500,500,500,6700,2000
34.0,10.73,30200,322315.0,10.67,10.66,10.65,10.64,10.63,10.59,10.58,10.55,10.5,10.34,10.73,10.74,10.75,10.79,10.8,10.85,10.86,10.88,10.9,10.91,400,100,2800,1900,300,5600,1000,1500,1300,500,1000,100,100,3000,19100,500,500,500,6700,2000
35.0,10.73,30200,322315.0,10.67,10.66,10.65,10.64,10.63,10.59,10.58,10.55,10.5,10.34,10.73,10.74,10.75,10.79,10.8,10.85,10.86,10.88,10.9,10.91,500,100,2800,1900,300,5600,1000,1500,1300,500,2700,100,100,3000,19100,500,500,500,6700,2000
36.0,10.73,30200,322315.0,10.67,10.66,10.65,10.64,10.63,10.59,10.58,10.55,10.5,10.34,10.73,10.74,10.75,10.79,10.8,10.85,10.86,10.88,10.9,10.91,500,100,2800,1900,300,5600,1000,1500,1300,500,2700,100,100,3000,19100,500,500,500,6700,2000
37.0,10.73,30400,324461.0,10.68,10.67,10.66,10.65,10.64,10.63,10.59,10.58,10.55,10.5,10.73,10.74,10.75,10.79,10.8,10.85,10.86,10.88,10.9,10.91,100,500,100,2800,1900,300,5600,1000,1500,1300,2500,100,100,3000,19100,500,500,500,6700,2000
38.0,10.73,30600,326607.0,10.68,10.67,10.66,10.65,10.64,10.63,10.59,10.58,10.55,10.5,10.73,10.74,10.75,10.79,10.8,10.85,10.86,10.88,10.9,10.91,100,500,100,2800,1900,300,5600,1000,1500,1300,2300,100,100,3000,19100,500,500,500,6700,2000
39.0,10.73,30600,326607.0,10.68,10.67,10.66,10.65,10.64,10.63,10.59,10.58,10.55,10.5,10.73,10.74,10.75,10.79,10.8,10.85,10.86,10.88,10.9,10.91,100,500,100,2800,1900,300,5600,1000,1500,1300,2300,100,100,3000,19100,500,500,500,6700,2000
40.0,10.73,30800,328753.0,10.68,10.67,10.66,10.65,10.64,10.63,10.59,10.58,10.55,10.5,10.73,10.74,10.75,10.79,10.8,10.85,10.86,10.88,10.9,10.91,100,500,100,2800,1900,300,5600,1000,1500,1300,2100,100,100,3000,19100,500,500,500,6700,2000
41.0,10.73,30800,328753.0,10.68,10.67,10.66,10.65,10.64,10.63,10.59,10.58,10.55,10.5,10.73,10.74,10.75,10.79,10.8,10.85,10.86,10.88,10.9,10.91,100,500,100,2800,1900,300,5600,1000,1500,1300,2100,100,100,3000,19100,500,500,500,6700,2000
42.0,10.73,30800,328753.0,10.68,10.67,10.66,10.65,10.64,10.63,10.59,10.58,10.55,10.5,10.73,10.74,10.75,10.79,10.8,10.85,10.86,10.88,10.9,10.91,100,500,100,2800,1900,300,5600,1000,1500,1300,2100,100,100,3000,19100,500,500,500,6700,2000
43.0,10.73,31200,333045.0,10.68,10.67,10.66,10.65,10.64,10.63,10.59,10.58,10.55,10.5,10.73,10.74,10.75,10.79,10.8,10.85,10.86,10.88,10.9,10.91,300,500,100,2800,1900,300,5600,1000,1500,1300,1400,100,100,3000,19100,500,500,500,6700,2000
44.0,10.73,31200,333045.0,10.68,10.67,10.66,10.65,10.64,10.63,10.59,10.58,10.55,10.5,10.73,10.74,10.75,10.79,10.8,10.85,10.86,10.88,10.9,10.91,300,500,100,2800,1900,300,5600,1000,1500,1300,1400,100,100,3000,19100,500,500,500,6700,2000
45.0,10.73,31300,334118.0,10.68,10.67,10.66,10.65,10.64,10.63,10.59,10.58,10.55,10.5,10.73,10.74,10.75,10.79,10.8,10.85,10.86,10.88,10.9,10.91,1300,500,100,2800,1900,300,5400,1000,1500,1300,1200,100,100,3000,19100,500,500,500,6700,2000
46.0,10.73,31300,334118.0,10.68,10.67,10.66,10.65,10.64,10.63,10.59,10.58,10.55,10.5,10.73,10.74,10.75,10.79,10.8,10.85,10.86,10.88,10.9,10.91,3400,500,100,2800,1900,300,5400,1000,1500,1300,1200,100,100,3000,19100,500,500,500,6700,2000
47.0,10.74,31900,340557.0,10.74,10.73,10.69,10.68,10.67,10.65,10.64,10.63,10.59,10.58,10.75,10.79,10.8,10.85,10.86,10.88,10.9,10.91,10.92,10.94,100,200,1900,4600,400,2800,1900,300,5200,1000,100,3000,19100,500,500,500,6700,2000,500,400
48.0,10.69,33800,360881.0,10.69,10.68,10.67,10.65,10.64,10.63,10.59,10.58,10.55,10.5,10.75,10.79,10.8,10.85,10.86,10.88,10.9,10.91,10.92,10.94,500,4500,400,2800,1900,300,5200,1000,1500,1300,500,3000,19100,500,500,500,6700,2000,500,400
49.0,10.69,33800,360881.0,10.7,10.69,10.68,10.67,10.65,10.64,10.63,10.59,10.58,10.55,10.75,10.79,10.8,10.85,10.86,10.88,10.9,10.91,10.92,10.94,100,500,4500,400,2800,1900,300,5200,1000,1500,800,3000,19100,500,500,500,6700,2000,500,400
50.0,10.75,33900,361956.0,10.7,10.69,10.68,10.67,10.65,10.64,10.63,10.59,10.58,10.55,10.75,10.79,10.8,10.85,10.86,10.88,10.9,10.91,10.92,10.94,1500,400,4400,400,2800,1900,300,3200,1000,1500,700,3000,19100,500,500,500,6700,2000,500,400
51.0,10.75,33900,361956.0,10.7,10.69,10.68,10.67,10.65,10.64,10.63,10.59,10.58,10.55,10.75,10.79,10.8,10.85,10.86,10.88,10.9,10.91,10.92,10.94,1500,400,4400,400,2800,1900,300,3200,1000,1500,700,3000,19100,500,500,500,6700,2000,500,400
52.0,10.75,33900,361956.0,10.7,10.69,10.68,10.67,10.65,10.64,10.63,10.59,10.58,10.55,10.75,10.79,10.8,10.85,10.86,10.88,10.9,10.91,10.92,10.94,1500,400,4400,400,2800,1900,300,3200,1000,1500,700,3000,19100,500,500,500,6700,2000,500,400
53.0,10.75,33900,361956.0,10.7,10.69,10.68,10.67,10.65,10.64,10.63,10.59,10.58,10.55,10.75,10.79,10.8,10.85,10.86,10.88,10.9,10.91,10.92,10.94,1900,400,4300,400,2800,1900,300,3200,1000,1500,400,3000,19100,500,500,500,6700,2000,500,400
54.0,10.75,33900,361956.0,10.7,10.69,10.68,10.67,10.65,10.64,10.63,10.59,10.58,10.55,10.75,10.79,10.8,10.85,10.86,10.88,10.9,10.91,10.92,10.94,2000,400,4300,400,2800,1900,300,3200,1000,1500,400,3000,19100,500,500,500,6700,2000,500,400
55.0,10.75,33900,361956.0,10.7,10.69,10.68,10.67,10.65,10.64,10.63,10.59,10.58,10.55,10.75,10.79,10.8,10.85,10.86,10.88,10.9,10.91,10.92,10.94,2000,400,4100,400,2800,1900,300,3200,1000,1500,400,3000,19100,500,500,500,6700,2000,500,400
56.0,10.75,33900,361956.0,10.7,10.69,10.68,10.67,10.65,10.64,10.63,10.59,10.58,10.55,10.75,10.79,10.8,10.85,10.86,10.88,10.9,10.91,10.92,10.94,2000,300,2900,400,2800,1900,300,3200,1000,1500,400,3000,19100,500,500,500,6700,2000,500,400
57.0,10.75,35800,382381.0,10.75,10.72,10.7,10.69,10.68,10.67,10.65,10.64,10.63,10.59,10.76,10.77,10.78,10.79,10.8,10.85,10.86,10.88,10.9,10.91,100,200,2000,300,2900,400,2800,1900,300,3200,1000,1800,1400,3000,19100,500,500,500,6700,2000
58.0,10.75,35900,383456.0,10.72,10.7,10.69,10.68,10.67,10.65,10.64,10.63,10.59,10.58,10.76,10.77,10.78,10.79,10.8,10.85,10.86,10.88,10.9,10.91,400,2000,300,2900,400,2800,1900,300,3200,1000,1000,1800,1400,3000,19100,500,500,500,6700,2000
59.0,10.76,36000,384532.0,10.72,10.7,10.69,10.68,10.67,10.65,10.64,10.63,10.59,10.58,10.76,10.77,10.78,10.79,10.8,10.85,10.86,10.88,10.9,10.91,1800,2000,300,2900,400,2800,1900,300,3200,1000,900,1800,1400,3000,19100,500,500,500,6700,2000
60.0,10.76,36000,384532.0,10.72,10.7,10.69,10.68,10.67,10.65,10.64,10.63,10.59,10.58,10.76,10.77,10.78,10.79,10.8,10.85,10.86,10.88,10.9,10.91,1800,2000,300,2800,400,2800,1900,300,3200,1000,900,1800,1400,3000,19100,500,500,500,6700,2000
61.0,10.78,38400,410376.0,10.76,10.73,10.72,10.7,10.69,10.68,10.67,10.65,10.64,10.63,10.78,10.79,10.8,10.85,10.86,10.88,10.9,10.91,10.92,10.94,500,200,1800,1900,300,2400,400,2800,1900,300,300,2700,19100,500,500,500,6700,2000,500,400
62.0,10.78,38700,413610.0,10.78,10.76,10.73,10.72,10.7,10.69,10.68,10.67,10.65,10.64,10.79,10.8,10.85,10.86,10.88,10.9,10.91,10.92,10.94,10.96,100,600,200,1800,1900,300,2400,400,2800,1900,2700,19100,500,500,500,6700,2000,500,400,700
63.0,10.78,38700,413610.0,10.78,10.76,10.73,10.72,10.7,10.69,10.68,10.67,10.65,10.64,10.79,10.8,10.85,10.86,10.88,10.9,10.91,10.92,10.94,10.96,100,600,200,1800,1900,300,2400,400,2800,1900,2700,19100,500,500,500,6700,2000,500,400,700
64.0,10.78,38700,413610.0,10.78,10.76,10.73,10.72,10.7,10.69,10.68,10.67,10.65,10.64,10.79,10.8,10.85,10.86,10.88,10.9,10.91,10.92,10.94,10.96,100,600,200,1800,1900,300,2400,400,2800,1900,2700,19100,500,500,500,6700,2000,500,400,700
65.0,10.79,40400,431950.0,10.76,10.73,10.72,10.7,10.69,10.68,10.67,10.65,10.64,10.63,10.79,10.8,10.85,10.86,10.88,10.9,10.91,10.92,10.94,10.96,100,200,1800,1800,100,2000,400,2800,1900,300,1300,19100,500,500,500,6700,2000,500,400,700
66.0,10.79,40400,431950.0,10.76,10.73,10.72,10.7,10.69,10.68,10.67,10.65,10.64,10.63,10.79,10.8,10.85,10.86,10.88,10.9,10.91,10.92,10.94,10.96,100,200,1800,1800,100,2000,400,2800,1900,300,1300,19100,500,500,500,6700,2000,500,400,700
67.0,10.79,40600,434108.0,10.76,10.73,10.72,10.7,10.69,10.68,10.67,10.65,10.64,10.63,10.78,10.79,10.8,10.85,10.86,10.88,10.9,10.91,10.92,10.94,200,200,1800,1800,100,2000,400,2800,1900,300,200,1100,19100,500,500,500,6700,2000,500,400
68.0,10.79,40600,434108.0,10.76,10.73,10.72,10.7,10.69,10.68,10.67,10.65,10.64,10.63,10.78,10.79,10.8,10.85,10.86,10.88,10.9,10.91,10.92,10.94,500,200,1800,1500,100,1400,400,2800,1900,300,200,1100,19100,500,500,500,6700,2000,500,400
69.0,10.79,40600,434108.0,10.76,10.73,10.72,10.7,10.69,10.68,10.67,10.65,10.64,10.63,10.78,10.79,10.8,10.85,10.86,10.88,10.9,10.91,10.92,10.94,500,200,1800,1500,100,1400,400,2800,1900,300,200,1100,19100,500,500,500,6700,2000,500,400
70.0,10.79,40600,434108.0,10.76,10.73,10.72,10.7,10.69,10.68,10.67,10.65,10.64,10.63,10.78,10.79,10.8,10.85,10.86,10.88,10.9,10.91,10.92,10.94,500,200,1800,1400,100,1400,400,2800,1900,300,200,1700,19100,500,500,500,6700,2000,500,400
71.0,10.79,40600,434108.0,10.76,10.73,10.72,10.7,10.69,10.68,10.67,10.65,10.64,10.63,10.78,10.79,10.8,10.85,10.86,10.88,10.9,10.91,10.92,10.94,1100,200,1800,1400,100,1400,400,2800,1900,300,200,1700,19100,500,500,500,6700,2000,500,400
72.0,10.79,40600,434108.0,10.76,10.73,10.72,10.7,10.69,10.68,10.67,10.65,10.64,10.63,10.78,10.79,10.8,10.85,10.86,10.88,10.9,10.91,10.92,10.94,1100,200,1800,1400,100,1400,400,2800,1900,300,200,1700,2100,500,500,500,6700,2000,500,400
73.0,10.79,40600,434108.0,10.76,10.73,10.72,10.7,10.69,10.68,10.67,10.65,10.64,10.63,10.78,10.79,10.8,10.85,10.86,10.88,10.9,10.91,10.92,10.94,1100,200,1800,1400,100,1400,400,2800,1900,300,200,1700,2100,500,500,500,6700,2000,500,400
74.0,10.78,40800,436264.0,10.77,10.76,10.73,10.72,10.7,10.69,10.68,10.67,10.65,10.64,10.79,10.8,10.85,10.86,10.88,10.9,10.91,10.92,10.94,10.96,100,1000,200,1800,1400,100,1400,400,2800,1900,1700,2100,500,500,500,6700,2000,500,400,700
75.0,10.78,40800,436264.0,10.77,10.76,10.73,10.72,10.7,10.69,10.68,10.67,10.65,10.64,10.79,10.8,10.85,10.86,10.88,10.9,10.91,10.92,10.94,10.96,100,1000,200,1800,1400,100,1400,400,2800,1900,1700,2100,500,500,500,6700,2000,500,400,700
76.0,10.78,40800,436264.0,10.77,10.76,10.73,10.72,10.7,10.69,10.68,10.67,10.65,10.64,10.79,10.8,10.85,10.86,10.88,10.9,10.91,10.92,10.94,10.96,100,1000,200,1800,1400,100,1400,400,2800,1900,1700,2100,500,500,500,6700,2000,500,400,700
77.0,10.77,41300,441657.0,10.76,10.73,10.72,10.7,10.69,10.68,10.67,10.65,10.64,10.63,10.79,10.8,10.85,10.86,10.88,10.9,10.91,10.92,10.94,10.96,1000,200,1800,1400,100,1400,400,2800,1900,300,1300,2100,500,500,500,6700,2000,500,400,700
78.0,10.77,41300,441657.0,10.76,10.73,10.72,10.7,10.69,10.68,10.67,10.65,10.64,10.63,10.79,10.8,10.85,10.86,10.88,10.9,10.91,10.92,10.94,10.96,1000,200,1800,1400,100,1400,400,2800,1900,300,1300,2100,500,500,500,6700,2000,500,400,700
79.0,10.77,41300,441657.0,10.76,10.73,10.72,10.7,10.69,10.68,10.67,10.65,10.64,10.63,10.77,10.79,10.8,10.85,10.86,10.88,10.9,10.91,10.92,10.94,1300,200,1600,1300,100,1400,400,2800,1900,300,600,700,2100,500,500,500,6700,2000,500,400
80.0,10.77,41400,442734.0,10.76,10.73,10.72,10.7,10.69,10.68,10.67,10.65,10.64,10.63,10.77,10.79,10.8,10.85,10.86,10.88,10.9,10.91,10.92,10.94,2800,200,200,1300,100,1400,400,2800,1900,300,500,700,2100,500,500,500,6700,2000,500,400
81.0,10.77,41400,442734.0,10.76,10.73,10.72,10.7,10.69,10.68,10.67,10.65,10.64,10.63,10.77,10.79,10.8,10.85,10.86,10.88,10.9,10.91,10.92,10.94,2800,200,200,1300,100,1400,400,2800,1900,300,500,700,2100,500,500,500,6700,2000,500,400
82.0,10.77,41900,448119.0,10.78,10.76,10.73,10.72,10.7,10.69,10.68,10.67,10.65,10.64,10.79,10.8,10.85,10.86,10.88,10.9,10.91,10.92,10.94,10.96,400,2800,200,200,1300,100,1400,400,2800,1900,700,2100,500,500,500,6700,2000,500,400,700
83.0,10.77,41900,448119.0,10.78,10.77,10.76,10.73,10.72,10.7,10.69,10.68,10.67,10.65,10.79,10.8,10.85,10.86,10.88,10.9,10.91,10.92,10.94,10.96,400,100,2800,200,200,1300,100,1400,400,2800,700,2100,500,500,500,6700,2000,500,400,700
84.0,10.77,41900,448119.0,10.78,10.77,10.76,10.73,10.72,10.7,10.69,10.68,10.67,10.65,10.79,10.8,10.85,10.86,10.88,10.9,10.91,10.92,10.94,10.96,400,100,2800,200,200,1300,100,1400,400,2800,700,2100,500,500,500,6700,2000,500,400,700
85.0,10.77,41900,448119.0,10.78,10.77,10.76,10.73,10.72,10.7,10.69,10.68,10.67,10.65,10.79,10.8,10.85,10.86,10.88,10.9,10.91,10.92,10.94,10.96,400,100,2800,200,200,1200,100,1400,400,2800,700,2100,500,500,500,6700,2000,500,400,700
86.0,10.77,41900,448119.0,10.77,10.76,10.73,10.72,10.7,10.69,10.68,10.67,10.65,10.64,10.79,10.8,10.85,10.86,10.88,10.9,10.91,10.92,10.94,10.96,100,2800,200,200,600,100,1400,400,2800,1900,700,2100,500,500,500,6700,2000,500,400,700
87.0,10.77,41900,448119.0,10.77,10.76,10.73,10.72,10.7,10.69,10.68,10.67,10.65,10.64,10.79,10.8,10.85,10.86,10.88,10.9,10.91,10.92,10.94,10.96,100,2800,200,200,600,100,1400,400,2800,1900,700,2100,500,500,500,6700,2000,500,400,700
88.0,10.79,42000,449198.0,10.77,10.76,10.73,10.72,10.7,10.69,10.68,10.67,10.65,10.64,10.79,10.8,10.85,10.86,10.88,10.9,10.91,10.92,10.94,10.96,100,2800,200,200,600,100,1400,400,2800,1900,600,2100,500,500,500,6700,2000,500,400,700
89.0,10.79,42000,449198.0,10.77,10.76,10.73,10.72,10.7,10.69,10.68,10.67,10.65,10.64,10.79,10.8,10.85,10.86,10.88,10.9,10.91,10.92,10.94,10.96,100,2800,200,200,600,100,1400,400,2800,1900,600,2100,500,500,500,6700,2000,500,400,700
90.0,10.79,42000,449198.0,10.77,10.76,10.73,10.72,10.7,10.69,10.68,10.67,10.65,10.64,10.79,10.8,10.85,10.86,10.88,10.9,10.91,10.92,10.94,10.96,100,2800,200,200,600,100,1400,400,2800,1900,600,2100,500,500,500,6700,2000,500,400,700
91.0,10.79,42000,449198.0,10.77,10.76,10.73,10.72,10.7,10.69,10.68,10.67,10.65,10.64,10.79,10.8,10.85,10.86,10.88,10.9,10.91,10.92,10.94,10.96,100,2800,200,200,600,100,1400,400,2800,1900,600,2100,500,500,500,6700,2000,500,400,700
92.0,10.79,42100,450277.0,10.77,10.76,10.73,10.72,10.7,10.69,10.68,10.67,10.65,10.64,10.79,10.8,10.85,10.86,10.88,10.9,10.91,10.92,10.94,10.96,2100,2800,200,200,600,100,1400,400,2800,1900,500,2100,500,500,500,6700,2000,500,400,700
93.0,10.79,42100,450277.0,10.77,10.76,10.73,10.72,10.7,10.69,10.68,10.67,10.65,10.64,10.79,10.8,10.85,10.86,10.88,10.9,10.91,10.92,10.94,10.96,2100,2800,200,200,600,100,1400,400,2800,1900,500,2100,500,500,500,6700,2000,500,400,700
94.0,10.79,42100,450277.0,10.77,10.76,10.73,10.72,10.7,10.69,10.68,10.67,10.65,10.64,10.79,10.8,10.85,10.86,10.88,10.9,10.91,10.92,10.94,10.96,2100,2600,200,200,600,100,1400,400,2800,1900,500,2100,500,500,500,6700,2000,500,400,700
95.0,10.8,44000,470792.0,10.77,10.76,10.73,10.72,10.7,10.69,10.68,10.67,10.65,10.64,10.8,10.85,10.86,10.88,10.9,10.91,10.92,10.94,10.96,10.99,4100,1000,200,200,600,100,1400,400,2800,1900,700,500,500,500,6700,2000,500,400,700,2200
96.0,10.8,44000,470792.0,10.78,10.77,10.76,10.73,10.72,10.7,10.69,10.68,10.67,10.65,10.8,10.85,10.86,10.88,10.9,10.91,10.92,10.94,10.96,10.99,200,4100,1000,200,200,600,100,1400,400,2800,700,500,500,500,6700,2000,500,400,700,2200
97.0,10.8,44000,470792.0,10.78,10.77,10.76,10.73,10.72,10.7,10.69,10.68,10.67,10.65,10.8,10.85,10.86,10.88,10.9,10.91,10.92,10.94,10.96,10.99,200,3800,1000,200,200,600,100,1400,400,2800,700,500,500,500,6700,2000,500,400,700,2200
98.0,10.8,44000,470792.0,10.78,10.77,10.76,10.73,10.72,10.7,10.69,10.68,10.67,10.65,10.8,10.85,10.86,10.88,10.9,10.91,10.92,10.94,10.96,10.99,1900,2400,1000,200,200,600,100,1400,400,2800,700,500,500,500,6700,2000,500,400,700,2200
99.0,10.8,44100,471872.0,10.78,10.77,10.76,10.73,10.72,10.7,10.69,10.68,10.67,10.65,10.8,10.85,10.86,10.88,10.9,10.91,10.92,10.96,10.99,11.0,1900,2400,1000,200,200,600,100,1400,400,2800,600,500,500,500,6700,2000,500,700,2200,8000
100.0,10.8,44100,471872.0,10.78,10.77,10.76,10.73,10.72,10.7,10.69,10.68,10.67,10.65,10.8,10.85,10.86,10.88,10.9,10.91,10.92,10.96,10.99,11.0,2000,2400,1000,200,200,600,100,1400,400,2800,600,500,500,500,6700,2000,500,700,2200,8000
101.0,10.78,44300,474028.0,10.78,10.77,10.76,10.73,10.72,10.7,10.69,10.68,10.67,10.65,10.8,10.85,10.86,10.88,10.9,10.91,10.92,10.96,10.99,11.0,2800,2400,600,200,200,100,100,1400,400,2800,600,500,500,500,6700,2000,500,700,2200,8000
102.0,10.78,44300,474028.0,10.78,10.77,10.76,10.73,10.72,10.7,10.69,10.68,10.67,10.65,10.8,10.85,10.86,10.88,10.9,10.91,10.92,10.96,10.99,11.0,2800,2400,600,200,200,100,100,1400,400,2800,600,500,500,500,6700,2000,500,700,2200,8000
103.0,10.78,44300,474028.0,10.78,10.77,10.76,10.73,10.72,10.7,10.69,10.68,10.67,10.65,10.8,10.85,10.86,10.88,10.9,10.91,10.92,10.96,10.99,11.0,2800,2400,600,200,200,100,100,1400,400,2800,600,500,500,500,6700,2000,500,700,2200,8000
104.0,10.78,44500,476184.0,10.78,10.77,10.76,10.73,10.72,10.7,10.69,10.68,10.67,10.65,10.8,10.85,10.86,10.88,10.9,10.91,10.92,10.96,10.99,11.0,2700,2400,600,200,200,100,100,1400,400,2800,600,500,500,500,6700,2000,500,700,2200,8000
105.0,10.78,44500,476184.0,10.78,10.77,10.76,10.73,10.72,10.7,10.69,10.68,10.67,10.65,10.8,10.85,10.86,10.88,10.9,10.91,10.92,10.96,10.99,11.0,2700,2400,600,200,200,100,100,1400,400,2800,600,500,500,500,6700,2000,500,700,2200,8000
106.0,10.78,44500,476184.0,10.78,10.77,10.76,10.73,10.72,10.7,10.69,10.68,10.67,10.65,10.8,10.85,10.86,10.88,10.9,10.91,10.92,10.96,10.99,11.0,2700,2400,600,200,200,100,100,1400,400,2800,600,500,500,500,6700,2000,500,700,2200,8000
107.0,10.78,44700,478340.0,10.78,10.77,10.76,10.73,10.72,10.7,10.69,10.68,10.67,10.65,10.8,10.85,10.86,10.88,10.9,10.91,10.92,10.96,10.99,11.0,2700,2400,400,200,200,100,100,1400,400,2800,600,500,500,500,6700,2000,500,700,2200,8000
108.0,10.78,44700,478340.0,10.78,10.77,10.76,10.73,10.72,10.7,10.69,10.68,10.67,10.65,10.8,10.85,10.86,10.88,10.9,10.91,10.92,10.96,10.99,11.0,2700,2400,400,200,200,100,100,1400,400,2800,600,500,500,500,6700,2000,500,700,2200,8000
109.0,10.78,44700,478340.0,10.78,10.77,10.76,10.73,10.72,10.7,10.69,10.68,10.67,10.65,10.8,10.85,10.86,10.88,10.9,10.91,10.92,10.96,10.99,11.0,2700,2400,400,200,200,100,100,1400,400,2800,600,500,500,500,6700,2000,500,700,2200,8000
110.0,10.78,44900,480496.0,10.78,10.77,10.76,10.73,10.72,10.7,10.69,10.68,10.67,10.65,10.8,10.85,10.86,10.88,10.9,10.91,10.96,10.99,11.0,11.01,2500,2400,400,200,200,100,100,1400,400,2800,600,500,500,500,6700,2000,700,2200,8000,2000
111.0,10.8,45000,481576.0,10.78,10.77,10.76,10.73,10.72,10.7,10.69,10.68,10.67,10.65,10.8,10.85,10.86,10.88,10.9,10.91,10.96,10.99,11.0,11.01,2500,2400,400,200,200,100,100,1400,400,2800,500,500,500,500,6700,2000,700,2200,8000,2000
112.0,10.8,45000,481576.0,10.78,10.77,10.76,10.73,10.72,10.7,10.69,10.68,10.67,10.65,10.8,10.85,10.86,10.88,10.9,10.91,10.96,10.99,11.0,11.01,2500,2400,400,200,200,100,100,1400,400,2800,500,500,500,500,6700,2000,700,2200,8000,2000
113.0,10.8,45900,491292.0,10.8,10.78,10.77,10.76,10.73,10.72,10.7,10.69,10.68,10.67,10.84,10.85,10.88,10.9,10.91,10.96,10.99,11.0,11.01,11.04,3300,2300,2400,300,200,200,100,100,1400,400,1100,1100,500,6700,2000,700,2200,8000,2000,3100
114.0,10.8,45900,491292.0,10.8,10.78,10.77,10.76,10.73,10.72,10.7,10.69,10.68,10.67,10.84,10.85,10.88,10.9,10.91,10.96,10.99,11.0,11.01,11.04,3300,2300,2400,300,200,200,100,100,1400,400,1100,1100,500,6700,2000,700,2200,8000,2000,3100
115.0,10.8,45900,491292.0,10.8,10.78,10.77,10.76,10.73,10.72,10.7,10.69,10.68,10.67,10.84,10.85,10.88,10.9,10.91,10.96,10.99,11.0,11.01,11.04,3300,2300,2400,300,200,200,100,100,1400,400,1100,1100,500,6700,2000,700,2200,8000,2000,3100
116.0,10.8,45900,491292.0,10.8,10.78,10.77,10.76,10.73,10.72,10.7,10.69,10.68,10.67,10.84,10.85,10.88,10.9,10.91,10.96,10.99,11.0,11.01,11.04,5000,1400,2400,300,200,200,100,100,1400,400,1100,1100,500,6700,2000,700,2200,8000,2000,3100
117.0,10.8,46400,496692.0,10.8,10.78,10.77,10.76,10.73,10.72,10.7,10.69,10.68,10.67,10.84,10.85,10.87,10.88,10.9,10.91,10.96,10.99,11.0,11.01,4500,1400,2400,200,200,200,100,100,1400,400,1100,1100,400,500,6700,2000,700,2200,8000,2000
118.0,10.84,46500,497776.0,10.8,10.78,10.77,10.73,10.72,10.7,10.69,10.68,10.67,10.65,10.84,10.85,10.87,10.88,10.9,10.91,10.96,10.99,11.0,11.01,4500,1400,2300,200,200,100,100,1400,400,2800,1000,1100,400,500,6700,2000,700,2200,8000,2000
119.0,10.8,46600,498856.0,10.8,10.78,10.77,10.73,10.72,10.7,10.69,10.68,10.67,10.65,10.84,10.85,10.87,10.88,10.9,10.91,10.96,10.99,11.0,11.01,4400,1400,2300,200,200,100,100,1400,400,2800,1000,1100,400,500,6700,2000,700,2200,8000,2000
120.0,10.8,47000,503176.0,10.8,10.78,10.77,10.73,10.72,10.7,10.69,10.68,10.67,10.65,10.84,10.85,10.87,10.88,10.9,10.91,10.96,10.99,11.0,11.01,4000,1400,2300,200,200,100,100,1400,400,2800,1000,1100,400,2600,6700,2000,700,2200,8000,2000
121.0,10.8,47000,503176.0,10.8,10.78,10.77,10.73,10.72,10.7,10.69,10.68,10.67,10.65,10.84,10.85,10.87,10.88,10.9,10.91,10.96,10.99,11.0,11.01,5000,900,2300,200,200,100,100,1400,400,2800,1000,1100,400,2600,6700,2000,700,2200,8000,2000
122.0,10.84,47200,505344.0,10.81,10.8,10.78,10.77,10.73,10.72,10.7,10.69,10.68,10.67,10.84,10.85,10.87,10.88,10.9,10.91,10.96,10.99,11.0,11.01,2200,5100,800,2300,200,200,100,100,1400,400,900,700,400,2600,6700,2000,700,2200,8000,2000
123.0,10.83,50100,536756.0,10.81,10.8,10.78,10.77,10.73,10.72,10.7,10.69,10.68,10.67,10.83,10.84,10.85,10.87,10.88,10.9,10.91,10.96,10.99,11.0,2200,5100,800,2300,200,200,100,100,1400,400,800,400,500,400,2600,6700,2000,700,2200,8000
124.0,10.81,50300,538918.0,10.82,10.81,10.8,10.78,10.77,10.73,10.72,10.7,10.69,10.68,10.83,10.84,10.85,10.87,10.88,10.9,10.91,10.96,10.99,11.0,400,2200,4800,800,2300,200,200,100,100,1400,4100,400,500,400,2600,6700,2000,1100,2200,8000
125.0,10.82,51300,549742.0,10.82,10.81,10.8,10.78,10.77,10.73,10.72,10.7,10.69,10.68,10.83,10.84,10.85,10.87,10.88,10.9,10.91,10.96,10.99,11.0,2900,2200,3300,800,2300,200,200,100,100,1400,3700,400,500,400,2600,6700,2000,1100,2200,8000
126.0,10.82,51300,549742.0,10.82,10.81,10.8,10.78,10.77,10.73,10.72,10.7,10.69,10.68,10.83,10.84,10.85,10.87,10.88,10.9,10.91,10.96,10.99,11.0,2900,2200,3300,800,2300,200,200,100,100,1400,3700,400,500,400,2600,6700,2000,1100,2200,8000
127.0,10.82,51500,551906.0,10.82,10.81,10.8,10.78,10.77,10.73,10.72,10.7,10.69,10.68,10.83,10.84,10.85,10.87,10.88,10.9,10.91,10.96,10.99,11.0,2700,2200,3300,800,2300,200,200,100,100,1400,3700,400,500,400,2600,6700,2000,1100,2200,8000
128.0,10.83,55900,599515.0,10.81,10.8,10.78,10.77,10.73,10.72,10.7,10.69,10.68,10.67,10.83,10.84,10.85,10.87,10.88,10.9,10.91,10.96,10.99,11.0,200,3300,800,2300,200,200,100,100,1400,400,3600,400,500,400,2600,6700,2000,1100,2200,8000
129.0,10.83,55900,599515.0,10.81,10.8,10.78,10.77,10.73,10.72,10.7,10.69,10.68,10.67,10.83,10.84,10.85,10.87,10.88,10.9,10.91,10.96,10.99,11.0,200,3300,800,2300,200,200,100,100,1400,400,3600,400,500,400,2600,6700,2000,1100,2200,8000
130.0,10.83,55900,599515.0,10.81,10.8,10.78,10.77,10.73,10.72,10.7,10.69,10.68,10.67,10.83,10.84,10.85,10.87,10.88,10.9,10.91,10.96,10.99,11.0,300,3300,300,2300,200,200,100,100,1400,400,3600,400,500,400,2600,6700,2000,1100,2200,8000
131.0,10.81,56200,602758.0,10.82,10.8,10.78,10.77,10.73,10.72,10.7,10.69,10.68,10.67,10.83,10.84,10.85,10.87,10.88,10.9,10.91,10.96,10.99,11.0,100,3300,200,2300,200,200,100,100,1400,400,3600,400,500,400,2600,6700,2000,1100,2200,8000
132.0,10.83,56500,606007.0,10.82,10.8,10.78,10.77,10.73,10.72,10.7,10.69,10.68,10.67,10.83,10.84,10.85,10.87,10.88,10.9,10.91,10.96,10.99,11.0,100,3300,200,2300,200,200,100,100,1400,400,3300,400,500,400,2600,6700,2000,1100,2200,8000
133.0,10.83,56500,606007.0,10.82,10.8,10.78,10.77,10.73,10.72,10.7,10.69,10.68,10.67,10.83,10.84,10.85,10.87,10.88,10.9,10.91,10.96,10.99,11.0,100,3300,200,2300,200,200,100,100,1400,400,3300,400,500,400,2600,6900,2000,1100,2200,8000
134.0,10.83,56700,608172.0,10.8,10.78,10.77,10.73,10.72,10.7,10.69,10.68,10.67,10.65,10.83,10.84,10.85,10.87,10.88,10.9,10.91,10.96,10.99,11.0,3300,200,2300,200,200,100,100,1400,400,2800,3200,400,500,400,2600,6900,2000,1100,2200,8000
135.0,10.83,56700,608172.0,10.8,10.78,10.77,10.73,10.72,10.7,10.69,10.68,10.67,10.65,10.83,10.84,10.85,10.87,10.88,10.9,10.91,10.96,10.99,11.0,3300,200,2300,200,200,100,100,1400,400,2800,3200,400,500,400,2600,6900,2000,1100,2200,8000
136.0,10.83,56700,608172.0,10.8,10.78,10.77,10.73,10.72,10.7,10.69,10.68,10.67,10.65,10.83,10.84,10.85,10.87,10.88,10.9,10.91,10.96,10.99,11.0,3300,200,2300,200,200,100,100,1400,400,2800,3200,400,500,400,2600,6900,2000,1100,2200,8000
137.0,10.8,57000,611412.0,10.81,10.8,10.78,10.77,10.73,10.72,10.7,10.69,10.68,10.67,10.82,10.83,10.84,10.85,10.87,10.88,10.9,10.91,10.96,10.99,1500,3000,200,2300,200,200,100,100,1400,400,2700,3200,300,500,400,2600,6900,2000,1100,2200
138.0,10.82,57100,612494.0,10.81,10.8,10.78,10.77,10.73,10.72,10.7,10.69,10.68,10.67,10.82,10.83,10.84,10.85,10.87,10.88,10.9,10.91,10.96,10.99,1500,3000,200,2300,200,200,100,100,1400,400,2600,3200,300,500,400,2600,6900,2000,1100,2200
139.0,10.82,57300,614658.0,10.81,10.8,10.78,10.77,10.73,10.72,10.7,10.69,10.68,10.67,10.82,10.83,10.84,10.85,10.87,10.88,10.9,10.91,10.96,10.99,1500,3000,200,2300,200,200,100,100,1400,400,2400,3200,300,500,400,2600,6900,2000,1100,2200
140.0,10.82,58400,626558.0,10.81,10.8,10.78,10.77,10.73,10.72,10.7,10.69,10.68,10.67,10.82,10.83,10.84,10.85,10.87,10.88,10.9,10.91,10.96,10.99,1600,3000,200,2300,200,200,100,100,1400,400,1500,3200,300,500,400,2600,6900,2000,1100,2200
141.0,10.82,58400,626558.0,10.81,10.8,10.78,10.77,10.73,10.72,10.7,10.69,10.68,10.67,10.82,10.83,10.84,10.85,10.87,10.88,10.9,10.91,10.96,10.99,1600,3000,200,2300,200,200,100,100,1400,400,1500,3200,300,500,400,2600,6900,2000,1100,2200
142.0,10.82,58400,626558.0,10.81,10.8,10.77,10.73,10.72,10.7,10.69,10.68,10.67,10.65,10.82,10.83,10.84,10.85,10.87,10.88,10.9,10.91,10.96,10.99,2400,2400,2300,200,200,100,100,1400,400,2800,1500,3200,300,500,400,2600,6900,2000,1100,2200
143.0,10.82,59400,637378.0,10.81,10.8,10.77,10.73,10.72,10.7,10.69,10.68,10.67,10.65,10.82,10.83,10.84,10.85,10.87,10.88,10.9,10.91,10.96,10.99,2500,2400,2300,200,200,100,100,1400,400,2800,500,3200,300,500,400,2600,6900,2000,1100,2200
144.0,10.81,59600,639540.0,10.81,10.8,10.77,10.73,10.72,10.7,10.69,10.68,10.67,10.65,10.82,10.83,10.84,10.85,10.87,10.88,10.9,10.91,10.96,10.99,2300,2400,2300,200,200,100,100,1400,400,2800,500,3200,300,500,400,2600,6900,2000,1100,2200
145.0,10.81,60000,643864.0,10.81,10.8,10.77,10.73,10.72,10.7,10.69,10.68,10.67,10.65,10.82,10.83,10.84,10.85,10.87,10.88,10.9,10.91,10.96,10.99,1900,2400,2300,200,200,100,100,1400,400,2800,500,3200,300,500,400,2600,6900,2000,1100,2200
146.0,10.83,60700,651439.0,10.82,10.81,10.8,10.77,10.73,10.72,10.7,10.69,10.68,10.67,10.83,10.84,10.85,10.87,10.88,10.9,10.91,10.96,10.99,11.0,2500,1900,2400,2300,200,200,100,100,1400,400,3100,300,500,400,2600,6900,2000,1100,2200,8000
147.0,10.82,60900,653603.0,10.82,10.81,10.8,10.77,10.73,10.72,10.7,10.69,10.68,10.67,10.83,10.84,10.85,10.87,10.88,10.9,10.91,10.96,10.99,11.0,2300,1900,2400,2300,200,200,100,100,1400,400,3100,300,500,400,2600,6900,2000,1100,2200,8000
148.0,10.82,60900,653603.0,10.82,10.81,10.8,10.77,10.73,10.72,10.7,10.69,10.68,10.67,10.83,10.84,10.85,10.87,10.88,10.9,10.91,10.96,10.99,11.0,3200,1800,2000,2300,200,200,100,100,1400,400,3100,300,500,400,2600,6900,2000,1100,2200,8000
149.0,10.83,64100,688259.0,10.83,10.82,10.81,10.8,10.77,10.73,10.72,10.7,10.69,10.68,10.85,10.87,10.88,10.9,10.91,10.96,10.99,11.0,11.01,11.04,3700,3200,1100,2000,2300,200,200,100,100,1400,500,400,2600,6900,2000,1100,2200,8000,2000,3100
150.0,10.83,64400,691508.0,10.83,10.82,10.81,10.8,10.77,10.73,10.72,10.7,10.69,10.68,10.85,10.87,10.88,10.9,10.91,10.96,10.99,11.0,11.01,11.04,3400,3200,1100,2000,2300,200,200,100,100,1400,500,400,2600,6900,2000,1100,2200,8000,2000,3100
151.0,10.83,64400,691508.0,10.83,10.82,10.81,10.8,10.77,10.73,10.72,10.7,10.69,10.68,10.85,10.87,10.88,10.9,10.91,10.96,10.99,11.0,11.01,11.04,3400,3200,1100,2000,2300,200,200,100,100,1400,500,400,2600,6900,2000,1100,2200,8000,2000,3100
152.0,10.84,64600,693677.0,10.84,10.83,10.82,10.81,10.8,10.77,10.73,10.72,10.7,10.69,10.85,10.87,10.88,10.9,10.91,10.96,10.99,11.0,11.01,11.04,1800,3400,900,1100,2000,2300,200,200,100,100,400,400,2600,6900,2000,1100,2200,8000,2000,3100
153.0,10.84,65200,700181.0,10.84,10.83,10.82,10.81,10.8,10.77,10.73,10.7,10.69,10.68,10.85,10.87,10.88,10.9,10.91,10.96,10.99,11.0,11.01,11.04,1200,3400,900,1100,2000,2300,200,100,100,1400,400,400,2600,6900,2000,1100,2200,8000,2000,3100
154.0,10.84,65600,704519.0,10.84,10.83,10.82,10.81,10.8,10.77,10.73,10.7,10.69,10.68,10.85,10.87,10.88,10.9,10.91,10.96,10.99,11.0,11.01,11.04,1200,3400,500,500,2000,2300,200,100,100,1400,200,400,2600,6900,2000,1100,2200,8000,2000,3100
155.0,10.84,66700,716447.0,10.85,10.84,10.83,10.82,10.81,10.8,10.77,10.73,10.7,10.69,10.86,10.87,10.88,10.9,10.91,10.96,10.99,11.0,11.01,11.04,1200,1500,100,500,300,2000,2000,200,100,100,400,400,2600,6900,2000,1100,2200,8000,2000,3100
156.0,10.85,67700,727297.0,10.85,10.84,10.83,10.82,10.81,10.8,10.77,10.73,10.7,10.69,10.86,10.87,10.88,10.9,10.91,10.96,10.99,11.0,11.01,11.04,200,1500,100,500,300,2000,2000,200,100,100,400,400,2600,6900,2000,1100,2200,8000,2000,3100
157.0,10.85,67700,727297.0,10.85,10.84,10.83,10.82,10.81,10.8,10.77,10.73,10.7,10.69,10.86,10.87,10.88,10.9,10.91,10.96,10.99,11.0,11.01,11.04,200,1500,100,500,300,2000,2000,200,100,100,400,400,2600,6900,2000,1100,2200,8000,2000,3100
158.0,10.85,69500,746816.0,10.84,10.83,10.82,10.81,10.8,10.77,10.73,10.7,10.69,10.68,10.85,10.86,10.87,10.88,10.9,10.91,10.96,10.99,11.0,11.01,400,100,500,300,2000,2000,200,100,100,1400,300,400,400,2600,6900,2000,1100,2200,8000,2000
159.0,10.85,69500,746816.0,10.84,10.83,10.82,10.81,10.8,10.77,10.73,10.7,10.69,10.68,10.85,10.86,10.87,10.88,10.9,10.91,10.96,10.99,11.0,11.01,400,100,500,300,2000,2000,200,100,100,1400,300,400,400,2600,6900,2000,1100,2200,8000,2000
160.0,10.84,69800,750068.0,10.84,10.83,10.82,10.81,10.8,10.77,10.73,10.7,10.69,10.68,10.85,10.86,10.87,10.88,10.9,10.91,10.96,10.99,11.0,11.01,100,100,500,300,2000,2000,200,100,100,1400,300,400,400,2600,6900,2000,1100,2200,8000,2000
161.0,10.85,70100,753323.0,10.84,10.83,10.82,10.81,10.8,10.77,10.73,10.7,10.69,10.68,10.85,10.86,10.87,10.88,10.9,10.91,10.96,10.99,11.0,11.01,100,100,500,300,2000,2000,200,100,100,1400,100,1100,400,2600,6900,2000,1100,2200,8000,2000
162.0,10.85,70100,753323.0,10.84,10.83,10.82,10.81,10.8,10.77,10.73,10.7,10.69,10.68,10.85,10.86,10.87,10.88,10.9,10.91,10.96,10.99,11.0,11.01,100,100,500,300,2000,2000,200,100,100,1400,100,1100,400,2600,6900,2000,1100,2200,8000,2000
163.0,10.84,70200,754407.0,10.83,10.82,10.81,10.8,10.77,10.73,10.7,10.69,10.68,10.67,10.84,10.85,10.86,10.87,10.88,10.9,10.91,10.96,10.99,11.0,100,500,300,2000,2000,200,100,100,1400,400,200,100,1100,400,2600,6900,2000,1100,2200,8000
164.0,10.84,70400,756575.0,10.83,10.82,10.81,10.8,10.77,10.73,10.7,10.69,10.68,10.67,10.84,10.85,10.86,10.87,10.88,10.9,10.91,10.96,10.99,11.0,100,700,300,2000,2000,200,100,100,1400,400,100,100,1300,400,2600,6900,2000,1100,2200,8000
165.0,10.84,70400,756575.0,10.83,10.82,10.81,10.8,10.77,10.73,10.7,10.69,10.68,10.67,10.84,10.85,10.86,10.87,10.88,10.9,10.91,10.96,10.99,11.0,100,700,300,2000,2000,200,100,100,1400,400,100,100,1300,400,2600,6900,2000,1100,2200,8000
166.0,10.84,70400,756575.0,10.83,10.82,10.81,10.8,10.77,10.73,10.7,10.69,10.68,10.67,10.84,10.85,10.86,10.87,10.88,10.9,10.91,10.96,10.99,11.0,100,700,300,2000,2000,200,100,100,1400,400,100,100,1300,400,2600,6900,2000,1100,2200,8000
167.0,10.84,70400,756575.0,10.83,10.82,10.81,10.8,10.77,10.73,10.7,10.69,10.68,10.67,10.84,10.85,10.86,10.87,10.88,10.9,10.91,10.96,10.99,11.0,500,700,300,2000,2000,200,100,100,1400,400,100,100,1300,400,2600,6900,2000,1100,2200,8000
168.0,10.83,70500,757658.0,10.83,10.82,10.81,10.8,10.77,10.73,10.7,10.69,10.68,10.67,10.84,10.85,10.86,10.87,10.88,10.9,10.91,10.96,10.99,11.0,400,700,300,2000,2000,200,100,100,1400,400,100,100,1300,600,2600,6900,2000,1100,2200,8000
169.0,10.83,70500,757658.0,10.83,10.82,10.81,10.8,10.77,10.73,10.7,10.69,10.68,10.67,10.84,10.85,10.86,10.87,10.88,10.9,10.91,10.96,10.99,11.0,400,700,300,2000,2000,200,100,100,1400,400,100,100,1300,600,2600,6900,2000,1100,2200,8000
170.0,10.84,70600,758742.0,10.84,10.83,10.82,10.81,10.8,10.77,10.73,10.7,10.69,10.68,10.85,10.86,10.87,10.88,10.9,10.91,10.96,10.99,11.0,11.01,100,400,4400,300,2000,2000,200,100,100,1400,100,1100,600,2600,6900,2000,1100,2200,8000,2000
171.0,10.84,70600,758742.0,10.84,10.83,10.82,10.81,10.8,10.77,10.73,10.7,10.69,10.68,10.85,10.86,10.87,10.88,10.9,10.91,10.96,10.99,11.0,11.01,100,400,4400,300,2000,2000,200,100,100,1400,100,1100,600,2600,6900,2000,1100,2200,8000,2000
172.0,10.82,75200,808520.0,10.82,10.81,10.8,10.77,10.73,10.7,10.69,10.68,10.67,10.65,10.85,10.86,10.87,10.88,10.9,10.91,10.96,10.99,11.0,11.01,300,300,2000,2000,200,100,100,1400,400,2800,100,1100,600,2600,6900,2000,1100,2200,8000,2000
173.0,10.82,75200,808520.0,10.83,10.82,10.81,10.8,10.77,10.73,10.7,10.69,10.68,10.67,10.85,10.86,10.87,10.88,10.9,10.91,10.96,10.99,11.0,11.01,200,1200,300,2000,2000,200,100,100,1400,400,100,1300,600,2600,6900,2000,1100,2200,8000,2000
174.0,10.82,75200,808520.0,10.83,10.82,10.81,10.8,10.77,10.73,10.7,10.69,10.68,10.67,10.85,10.86,10.87,10.88,10.9,10.91,10.96,10.99,11.0,11.01,200,1200,300,2000,2000,200,100,100,1400,400,100,1300,600,2600,6900,2000,1100,2200,8000,2000
175.0,10.82,75200,808520.0,10.83,10.82,10.81,10.8,10.77,10.73,10.7,10.69,10.68,10.67,10.85,10.86,10.87,10.88,10.9,10.91,10.96,10.99,11.0,11.01,200,1200,300,2000,2000,200,100,100,1400,400,100,1300,600,2600,6900,2000,700,2200,8000,2000
176.0,10.82,75200,808520.0,10.84,10.83,10.82,10.81,10.8,10.77,10.73,10.7,10.69,10.68,10.85,10.86,10.87,10.88,10.9,10.91,10.96,10.99,11.0,11.01,100,200,1200,300,1900,2000,200,100,100,1400,300,1300,600,2600,6900,2000,700,2200,8000,2000
177.0,10.82,75200,808520.0,10.84,10.83,10.82,10.81,10.8,10.77,10.73,10.7,10.69,10.68,10.85,10.86,10.87,10.88,10.9,10.91,10.96,10.99,11.0,11.01,100,200,1200,300,1900,2000,200,100,100,1400,300,1300,600,2600,6900,2000,700,2200,8000,2000
178.0,10.82,75200,808520.0,10.84,10.83,10.82,10.81,10.8,10.77,10.73,10.7,10.69,10.68,10.85,10.86,10.87,10.88,10.9,10.91,10.96,10.99,11.0,11.01,100,200,1200,300,1900,2000,200,100,100,1400,300,1300,600,2600,6900,2000,700,2200,8000,2000
179.0,10.85,75300,809605.0,10.84,10.82,10.81,10.8,10.77,10.73,10.7,10.69,10.68,10.67,10.85,10.86,10.87,10.88,10.9,10.91,10.96,10.99,11.0,11.01,100,1200,300,1900,2000,200,100,100,1400,400,200,1300,600,2600,6900,2000,700,2200,8000,2000
180.0,10.85,75300,809605.0,10.84,10.82,10.81,10.8,10.77,10.73,10.7,10.69,10.68,10.67,10.85,10.86,10.87,10.88,10.9,10.91,10.96,10.99,11.0,11.01,100,1200,300,1900,2000,200,100,100,1400,400,200,1300,600,2600,6900,2000,700,2200,8000,2000
181.0,10.85,75300,809605.0,10.84,10.82,10.81,10.8,10.77,10.73,10.7,10.69,10.68,10.67,10.85,10.86,10.87,10.88,10.9,10.91,10.96,10.99,11.0,11.01,100,1200,300,1900,2000,200,100,100,1400,400,300,1300,600,2600,6900,2000,700,2200,8000,2000
182.0,10.85,75800,815030.0,10.85,10.84,10.82,10.81,10.8,10.77,10.73,10.7,10.69,10.68,10.86,10.87,10.88,10.9,10.91,10.96,10.99,11.0,11.01,11.04,600,100,1200,300,1900,2000,200,100,100,1400,1100,600,2600,6900,2000,700,2200,8000,2000,3100
183.0,10.85,75800,815030.0,10.85,10.84,10.82,10.81,10.8,10.77,10.73,10.7,10.69,10.68,10.86,10.87,10.88,10.9,10.91,10.96,10.99,11.0,11.01,11.04,600,100,1200,300,1900,2000,200,100,100,1400,1100,600,2600,6900,2000,700,2200,8000,2000,3100
184.0,10.85,75800,815030.0,10.85,10.84,10.82,10.81,10.8,10.77,10.73,10.7,10.69,10.68,10.86,10.87,10.88,10.9,10.91,10.96,10.99,11.0,11.01,11.04,600,100,1200,300,1900,2000,200,100,100,1400,1100,600,2600,6900,2000,700,2200,8000,2000,3100
185.0,10.86,76200,819374.0,10.85,10.82,10.81,10.8,10.77,10.73,10.7,10.69,10.68,10.67,10.86,10.87,10.88,10.9,10.91,10.96,10.99,11.0,11.01,11.04,600,1200,300,1900,2000,200,100,100,1400,400,700,600,2600,6900,2000,700,2200,8000,2000,3100
186.0,10.85,76900,826969.0,10.82,10.81,10.8,10.77,10.73,10.7,10.69,10.68,10.67,10.65,10.85,10.86,10.87,10.88,10.9,10.91,10.96,10.99,11.0,11.01,1200,300,1900,2000,200,100,100,1400,400,2800,300,700,600,2600,6900,2000,700,2200,8000,2000
187.0,10.85,76900,826969.0,10.82,10.81,10.8,10.77,10.73,10.7,10.69,10.68,10.67,10.65,10.85,10.86,10.87,10.88,10.9,10.91,10.96,10.99,11.0,11.01,1200,300,1900,2000,200,100,100,1400,400,2800,3300,700,600,2600,6900,2000,700,2200,8000,2000
188.0,10.85,76900,826969.0,10.83,10.82,10.81,10.8,10.77,10.73,10.7,10.69,10.68,10.67,10.85,10.86,10.87,10.88,10.9,10.91,10.96,10.99,11.0,11.01,700,1500,300,1900,2000,200,100,100,1400,400,3300,700,600,2600,6900,2000,700,2200,8000,2000
189.0,10.85,77200,830224.0,10.83,10.82,10.81,10.8,10.77,10.73,10.7,10.69,10.68,10.67,10.85,10.86,10.87,10.88,10.9,10.91,10.96,10.99,11.0,11.01,700,1500,300,1900,2000,200,100,100,1400,400,3000,700,600,2600,6900,2000,700,2200,8000,2000
190.0,10.85,77200,830224.0,10.83,10.82,10.81,10.8,10.77,10.73,10.7,10.69,10.68,10.67,10.85,10.86,10.87,10.88,10.9,10.91,10.96,10.99,11.0,11.01,700,1500,300,1900,2000,200,100,100,1400,400,3000,700,600,2600,6900,2000,700,2200,8000,2000
191.0,10.85,77200,830224.0,10.84,10.83,10.82,10.81,10.8,10.77,10.73,10.7,10.69,10.68,10.85,10.86,10.87,10.88,10.9,10.91,10.96,10.99,11.0,11.01,400,700,1500,300,1900,2000,200,100,100,1400,3200,700,600,2600,6900,2000,700,2200,8000,2000
192.0,10.82,78400,843223.0,10.82,10.81,10.8,10.77,10.73,10.7,10.69,10.68,10.67,10.65,10.83,10.84,10.85,10.86,10.87,10.88,10.9,10.91,10.96,10.99,1400,300,1900,2000,200,100,100,1400,400,2800,700,400,3200,700,600,2600,6900,2000,700,2200
193.0,10.85,80300,863820.0,10.82,10.81,10.8,10.77,10.73,10.7,10.69,10.68,10.67,10.65,10.85,10.86,10.87,10.88,10.9,10.91,10.96,10.99,11.0,11.01,1400,300,1900,2000,200,100,100,1400,400,2800,2300,700,600,2600,6900,2000,700,2200,8000,2000
194.0,10.85,81200,873585.0,10.83,10.82,10.81,10.8,10.77,10.73,10.7,10.69,10.68,10.67,10.85,10.86,10.87,10.88,10.9,10.91,10.96,10.99,11.0,11.01,1100,1100,300,1900,2000,200,100,100,1400,400,1500,700,600,2600,6900,2000,700,2200,8000,2000
195.0,10.83,81300,874668.0,10.83,10.82,10.81,10.8,10.77,10.73,10.7,10.69,10.68,10.67,10.85,10.86,10.87,10.88,10.9,10.91,10.96,10.99,11.0,11.01,1000,1100,300,1900,2000,200,100,100,1400,400,1500,700,600,2600,6900,2000,700,2200,8000,2000
196.0,10.85,81400,875753.0,10.83,10.82,10.81,10.8,10.77,10.73,10.7,10.69,10.68,10.67,10.85,10.86,10.87,10.88,10.9,10.91,10.96,10.99,11.0,11.01,1000,1100,300,1900,2000,200,100,100,1400,400,1400,700,600,2600,6900,2000,700,2200,8000,2000
197.0,10.85,81400,875753.0,10.84,10.83,10.82,10.81,10.8,10.77,10.73,10.7,10.69,10.68,10.85,10.86,10.87,10.88,10.9,10.91,10.96,10.99,11.0,11.01,600,1000,1100,300,1900,2000,200,100,100,1400,1400,700,600,2600,6900,2000,700,2200,8000,2000
198.0,10.85,81400,875753.0,10.84,10.83,10.82,10.81,10.8,10.77,10.73,10.7,10.69,10.68,10.85,10.86,10.87,10.88,10.9,10.91,10.96,10.99,11.0,11.01,600,1000,1100,300,1900,2000,200,100,100,1400,1400,700,600,2600,6900,2000,700,2200,8000,2000
199.0,10.85,81400,875753.0,10.84,10.83,10.82,10.81,10.8,10.77,10.73,10.7,10.69,10.68,10.85,10.86,10.87,10.88,10.9,10.91,10.96,10.99,11.0,11.01,600,1000,1100,300,1900,2000,200,100,100,1400,1400,700,600,2600,6900,2000,700,2200,8000,2000
200.0,10.85,81700,879008.0,10.84,10.82,10.81,10.8,10.77,10.73,10.7,10.69,10.68,10.67,10.85,10.86,10.87,10.88,10.9,10.91,10.96,10.99,11.0,11.01,600,1100,300,1900,2000,200,100,100,1400,400,1100,700,600,2600,6900,2000,700,2200,8000,2000
201.0,10.85,81700,879008.0,10.84,10.82,10.81,10.8,10.77,10.73,10.7,10.69,10.68,10.67,10.85,10.86,10.87,10.88,10.9,10.91,10.96,10.99,11.0,11.01,600,1100,300,1900,2000,200,100,100,1400,400,1100,700,600,2600,6900,2000,700,2200,8000,2000
202.0,10.85,82600,888773.0,10.84,10.82,10.81,10.8,10.77,10.73,10.7,10.69,10.68,10.67,10.85,10.86,10.87,10.88,10.9,10.91,10.96,10.99,11.0,11.01,600,1100,300,1900,2000,200,100,100,1400,400,100,700,600,2600,6900,2000,700,2200,8000,2000
203.0,10.86,83100,894200.0,10.85,10.84,10.82,10.81,10.8,10.77,10.73,10.7,10.69,10.68,10.86,10.87,10.88,10.9,10.91,10.96,10.99,11.0,11.01,11.04,300,500,1100,300,1900,2000,200,100,100,1400,400,600,2600,6900,2000,700,2200,8000,2000,3100
204.0,10.85,83300,896370.0,10.85,10.84,10.82,10.81,10.8,10.77,10.73,10.7,10.69,10.68,10.87,10.88,10.9,10.91,10.96,10.99,11.0,11.01,11.04,11.05,100,500,1100,300,1900,2000,200,100,100,1400,700,2600,6900,2000,700,2200,8000,2000,3100,8800
205.0,10.85,83300,896370.0,10.85,10.84,10.82,10.81,10.8,10.77,10.73,10.7,10.69,10.68,10.86,10.87,10.88,10.9,10.91,10.96,10.99,11.0,11.01,11.04,100,500,1100,300,1900,2000,200,100,100,1400,100,700,2600,6900,2000,700,2200,8000,2000,3100
206.0,10.86,83400,897456.0,10.85,10.82,10.81,10.8,10.77,10.73,10.7,10.69,10.68,10.67,10.86,10.87,10.88,10.9,10.91,10.96,10.99,11.0,11.01,11.04,200,1100,300,1900,2000,200,100,100,1400,400,100,700,2600,7200,2000,700,2200,8000,2000,3100
207.0,10.86,83400,897456.0,10.85,10.82,10.81,10.8,10.77,10.73,10.7,10.69,10.68,10.67,10.86,10.87,10.88,10.9,10.91,10.96,10.99,11.0,11.01,11.04,200,1100,300,1900,2000,200,100,100,1400,400,100,700,2600,7200,2000,700,2200,8000,2000,3100
208.0,10.85,83600,899626.0,10.82,10.81,10.8,10.77,10.73,10.7,10.69,10.68,10.67,10.65,10.85,10.86,10.87,10.88,10.9,10.91,10.96,10.99,11.0,11.01,1100,300,1900,2000,200,100,100,1400,400,2800,500,100,600,2600,7200,2000,700,2200,8000,2000
209.0,10.85,83800,901793.0,10.82,10.81,10.8,10.77,10.73,10.7,10.69,10.68,10.67,10.65,10.85,10.86,10.87,10.88,10.9,10.91,10.96,10.99,11.0,11.01,1100,300,1900,2000,200,100,100,1400,400,2800,500,100,600,2600,7200,2000,700,2200,8000,2000
210.0,10.85,83800,901793.0,10.82,10.81,10.8,10.77,10.73,10.7,10.69,10.68,10.67,10.65,10.85,10.86,10.87,10.88,10.9,10.91,10.96,10.99,11.0,11.01,1100,300,1900,2000,200,100,100,1400,400,2800,500,100,600,2600,7200,2000,700,2200,8000,2000
211.0,10.82,83900,902875.0,10.82,10.81,10.8,10.77,10.73,10.7,10.69,10.68,10.67,10.65,10.85,10.86,10.87,10.88,10.9,10.91,10.96,10.99,11.0,11.01,1000,300,1900,2000,200,100,100,1400,400,2800,800,100,600,2600,7200,2000,700,2200,8000,2000
212.0,10.85,85000,914806.0,10.83,10.82,10.81,10.8,10.77,10.73,10.7,10.69,10.68,10.67,10.86,10.87,10.88,10.9,10.91,10.96,10.99,11.0,11.01,11.04,700,600,300,1900,2000,200,100,100,1400,400,300,700,2600,7200,2000,700,2200,8000,2000,3100
213.0,10.86,85100,915892.0,10.83,10.82,10.81,10.8,10.77,10.73,10.7,10.69,10.68,10.67,10.86,10.87,10.88,10.9,10.91,10.96,10.99,11.0,11.01,11.04,700,600,300,1900,2000,200,100,100,1400,400,200,700,2600,7200,2000,700,2200,8000,2000,3100
214.0,10.86,85100,915892.0,10.83,10.82,10.81,10.8,10.77,10.73,10.7,10.69,10.68,10.67,10.86,10.87,10.88,10.9,10.91,10.96,10.99,11.0,11.01,11.04,800,600,300,1900,2000,200,100,100,1400,400,400,700,500,7200,2000,700,2200,8000,2000,3100
215.0,10.83,85200,916975.0,10.84,10.83,10.82,10.81,10.8,10.77,10.73,10.7,10.69,10.68,10.86,10.87,10.88,10.9,10.91,10.96,10.99,11.0,11.01,11.04,400,700,600,300,1900,2000,200,100,100,1400,400,700,500,7200,2000,700,2200,8000,2000,3100
216.0,10.83,85200,916975.0,10.84,10.83,10.82,10.81,10.8,10.77,10.73,10.7,10.69,10.68,10.86,10.87,10.88,10.9,10.91,10.96,10.99,11.0,11.01,11.04,400,700,600,300,1900,2000,200,100,100,1400,400,1700,500,7200,2000,700,2200,8000,2000,3100
217.0,10.86,85400,919147.0,10.84,10.83,10.82,10.81,10.8,10.77,10.73,10.7,10.69,10.68,10.86,10.87,10.88,10.9,10.91,10.96,10.99,11.0,11.01,11.04,400,700,600,300,1900,2000,200,100,100,1400,200,1700,500,7200,2000,700,2200,8000,2000,3100
218.0,10.86,85400,919147.0,10.85,10.84,10.83,10.82,10.81,10.8,10.77,10.73,10.7,10.69,10.86,10.87,10.88,10.9,10.91,10.96,10.99,11.0,11.01,11.04,200,400,100,600,300,1900,2000,200,100,100,200,1700,500,7200,2000,700,2200,8000,2000,3100
219.0,10.86,85400,919147.0,10.85,10.84,10.83,10.82,10.81,10.8,10.77,10.73,10.7,10.69,10.86,10.87,10.88,10.9,10.91,10.96,10.99,11.0,11.01,11.04,200,400,100,600,300,1900,2000,200,100,100,200,1700,1400,7200,2000,700,2200,8000,2000,3100
220.0,10.86,85400,919147.0,10.85,10.84,10.83,10.82,10.81,10.8,10.77,10.73,10.7,10.69,10.86,10.87,10.88,10.9,10.91,10.96,10.99,11.0,11.01,11.04,200,400,100,600,300,1900,2000,200,100,100,200,1700,1400,7200,2000,700,2200,8000,2000,3100
221.0,10.86,85600,921319.0,10.86,10.85,10.83,10.82,10.81,10.8,10.77,10.73,10.7,10.69,10.87,10.88,10.9,10.91,10.96,10.99,11.0,11.01,11.04,11.05,100,200,100,500,300,1900,2000,200,100,100,1700,1400,6900,2000,700,2200,8000,2000,3100,8800
222.0,10.86,85600,921319.0,10.86,10.85,10.83,10.82,10.81,10.8,10.77,10.73,10.7,10.69,10.87,10.88,10.9,10.91,10.96,10.99,11.0,11.01,11.04,11.05,100,200,100,500,300,1900,2000,200,100,100,1700,1400,6900,2000,700,2200,8000,2000,3100,8800
223.0,10.86,85600,921319.0,10.86,10.85,10.83,10.82,10.81,10.8,10.77,10.73,10.7,10.69,10.87,10.88,10.9,10.91,10.96,10.99,11.0,11.01,11.04,11.05,100,200,100,500,300,1900,2000,200,100,100,1700,1400,6900,2000,700,2200,8000,2000,3100,8800
224.0,10.86,85700,922405.0,10.83,10.82,10.81,10.8,10.77,10.73,10.7,10.69,10.68,10.67,10.87,10.88,10.9,10.91,10.96,10.99,11.0,11.01,11.04,11.05,100,500,300,1900,2000,200,100,100,1400,400,1700,1400,6900,2000,700,2200,8000,2000,3100,8800
225.0,10.86,85700,922405.0,10.83,10.82,10.81,10.8,10.77,10.73,10.7,10.69,10.68,10.67,10.86,10.87,10.88,10.9,10.91,10.96,10.99,11.0,11.01,11.04,100,500,300,1900,2000,200,100,100,1400,400,2300,1700,1400,6900,2000,700,2200,8000,2000,3100
226.0,10.86,85700,922405.0,10.83,10.82,10.81,10.8,10.77,10.73,10.7,10.69,10.68,10.67,10.86,10.87,10.88,10.9,10.91,10.96,10.99,11.0,11.01,11.04,100,500,300,1900,2000,200,100,100,1400,400,2300,1700,1400,6900,2000,700,2200,8000,2000,3100
227.0,10.86,85700,922405.0,10.83,10.82,10.81,10.8,10.77,10.73,10.7,10.69,10.68,10.67,10.86,10.87,10.88,10.9,10.91,10.96,10.99,11.0,11.01,11.04,400,500,300,1900,2000,200,100,100,1400,400,2300,1700,1400,6900,2000,700,2200,8000,2000,3100
228.0,10.86,85700,922405.0,10.83,10.82,10.81,10.8,10.77,10.73,10.7,10.69,10.68,10.67,10.86,10.87,10.88,10.9,10.91,10.96,10.99,11.0,11.01,11.04,400,500,300,1900,2000,200,100,100,1400,400,2500,1700,2400,6900,2000,700,2200,8000,2000,3100
229.0,10.86,85700,922405.0,10.85,10.83,10.82,10.81,10.8,10.77,10.73,10.7,10.69,10.68,10.86,10.87,10.88,10.9,10.91,10.96,10.99,11.0,11.01,11.04,6000,400,500,300,1900,2000,200,100,100,1400,2300,1700,2400,6900,2000,700,2200,8000,2000,3100
230.0,10.86,85700,922405.0,10.85,10.83,10.82,10.81,10.8,10.77,10.73,10.7,10.69,10.68,10.86,10.87,10.88,10.9,10.91,10.96,10.99,11.0,11.01,11.04,6000,400,500,300,1900,2000,200,100,100,1400,1500,1700,2400,6900,2000,700,2200,8000,2000,3100
231.0,10.86,86700,933265.0,10.85,10.83,10.82,10.81,10.8,10.77,10.73,10.7,10.69,10.68,10.86,10.87,10.88,10.9,10.91,10.96,10.99,11.0,11.01,11.04,6000,400,500,300,1900,2000,200,100,100,1400,500,1700,2400,6900,2000,700,2200,8000,2000,3100
232.0,10.85,87300,939775.0,10.85,10.83,10.82,10.81,10.8,10.77,10.73,10.7,10.69,10.68,10.86,10.87,10.88,10.9,10.91,10.96,10.99,11.0,11.01,11.04,5400,400,500,300,1900,2000,200,100,100,1400,500,1700,2400,6900,2000,700,2200,8000,2000,3100
233.0,10.85,87800,945200.0,10.85,10.83,10.82,10.81,10.8,10.77,10.73,10.7,10.69,10.68,10.86,10.87,10.88,10.9,10.91,10.96,10.99,11.0,11.01,11.04,4900,100,500,300,1900,2000,200,100,100,1400,500,1700,2400,6900,2000,700,2200,8000,2000,3100
234.0,10.85,87800,945200.0,10.85,10.83,10.82,10.81,10.8,10.77,10.73,10.7,10.69,10.68,10.86,10.87,10.88,10.9,10.91,10.96,10.99,11.0,11.01,11.04,4900,100,500,300,1900,2000,200,100,100,1400,500,1700,2400,6900,2000,700,2200,8000,2000,3100
235.0,10.85,88200,949540.0,10.85,10.83,10.82,10.81,10.8,10.77,10.73,10.7,10.69,10.68,10.86,10.87,10.88,10.9,10.91,10.96,10.99,11.0,11.01,11.04,4500,100,500,300,1900,2000,200,100,100,1400,500,1700,2400,6900,2000,700,2200,8000,2000,3100
236.0,10.87,90700,976692.0,10.86,10.85,10.83,10.82,10.81,10.8,10.77,10.73,10.7,10.69,10.87,10.88,10.9,10.91,10.96,10.99,11.0,11.01,11.04,11.05,1300,4500,100,500,300,1900,2000,200,100,100,1500,2400,6900,2000,700,2200,8000,2000,3100,8800
237.0,10.85,96500,1039635.0,10.83,10.82,10.81,10.8,10.77,10.76,10.73,10.7,10.69,10.68,10.85,10.86,10.87,10.88,10.9,10.91,10.96,10.99,11.0,11.01,100,500,300,1900,2000,200,200,100,100,1400,1500,11400,1500,2400,6900,2000,700,2200,8000,2000
238.0,10.85,96500,1039635.0,10.83,10.82,10.81,10.8,10.77,10.76,10.73,10.7,10.69,10.68,10.85,10.86,10.87,10.88,10.9,10.91,10.96,10.99,11.0,11.01,100,500,300,1900,2000,200,200,100,100,1400,1500,11400,1500,2400,6900,2000,700,2200,8000,2000
239.0,10.82,96700,1041800.0,10.82,10.81,10.8,10.76,10.73,10.7,10.69,10.68,10.67,10.65,10.85,10.86,10.87,10.88,10.9,10.91,10.96,10.99,11.0,11.01,400,300,1900,400,200,100,100,1400,400,2800,2100,11400,1500,2400,6900,2000,700,2200,8000,2000
240.0,10.82,96700,1041800.0,10.82,10.81,10.8,10.76,10.73,10.7,10.69,10.68,10.67,10.65,10.85,10.86,10.87,10.88,10.9,10.91,10.96,10.99,11.0,11.01,500,300,1900,400,200,100,100,1400,400,2800,2200,11400,1500,2400,6900,2000,700,2200,8000,2000
241.0,10.82,96700,1041800.0,10.82,10.81,10.8,10.76,10.73,10.7,10.69,10.68,10.67,10.65,10.85,10.86,10.87,10.88,10.9,10.91,10.96,10.99,11.0,11.01,500,300,1900,400,200,100,100,1400,400,2800,2200,11400,1500,2400,6900,2000,700,2200,8000,2000
242.0,10.82,96700,1041800.0,10.82,10.81,10.8,10.76,10.73,10.7,10.69,10.68,10.67,10.65,10.83,10.84,10.85,10.86,10.87,10.88,10.9,10.91,10.96,10.99,300,300,1900,400,200,100,100,1400,400,2800,300,100,2300,11400,1500,1500,6900,2000,700,2200
243.0,10.82,96700,1041800.0,10.82,10.81,10.8,10.76,10.73,10.7,10.69,10.68,10.67,10.65,10.83,10.84,10.85,10.86,10.87,10.88,10.9,10.91,10.96,10.99,300,300,1900,400,200,100,100,1400,400,2800,300,100,2300,11400,1500,1500,6900,2000,700,2200
244.0,10.82,97000,1045046.0,10.81,10.8,10.76,10.73,10.7,10.69,10.68,10.67,10.65,10.64,10.82,10.83,10.84,10.85,10.86,10.87,10.88,10.9,10.91,10.96,400,1900,400,200,100,100,1400,400,2800,1900,500,300,100,2300,11400,1500,1500,6900,2000,700
245.0,10.81,97500,1050452.0,10.8,10.76,10.73,10.7,10.69,10.68,10.67,10.65,10.64,10.63,10.81,10.82,10.83,10.84,10.85,10.86,10.87,10.88,10.9,10.91,1900,400,200,100,100,1400,400,2800,1900,300,600,400,300,100,2300,11400,1500,1500,6900,2000
246.0,10.81,97900,1054776.0,10.8,10.76,10.73,10.7,10.69,10.68,10.67,10.65,10.64,10.63,10.81,10.82,10.83,10.84,10.85,10.86,10.87,10.88,10.9,10.91,1900,400,200,100,100,1400,400,2800,1900,300,900,400,300,100,2300,11400,1500,1500,6900,2000
247.0,10.81,97900,1054776.0,10.8,10.76,10.73,10.7,10.69,10.68,10.67,10.65,10.64,10.63,10.81,10.82,10.83,10.84,10.85,10.86,10.87,10.88,10.9,10.91,1900,400,200,100,100,1400,400,2800,1900,300,900,400,300,100,2300,11400,1500,1500,6900,2000
248.0,10.8,98100,1056936.0,10.8,10.76,10.73,10.7,10.69,10.68,10.67,10.65,10.64,10.63,10.81,10.82,10.83,10.84,10.85,10.86,10.87,10.88,10.9,10.91,1700,400,200,100,100,1400,400,2800,1900,300,900,400,300,100,2300,11400,1500,1500,6900,2000
249.0,10.8,98400,1060176.0,10.8,10.76,10.73,10.7,10.69,10.68,10.67,10.65,10.64,10.63,10.81,10.82,10.83,10.84,10.85,10.86,10.87,10.88,10.9,10.91,1400,400,200,100,100,1400,400,2800,1900,300,900,400,300,100,2300,11400,1500,1500,6900,2000
250.0,10.8,99800,1075296.0,10.76,10.73,10.7,10.69,10.68,10.67,10.65,10.64,10.63,10.62,10.81,10.82,10.84,10.85,10.86,10.87,10.88,10.9,10.91,10.96,400,200,100,100,1400,400,2800,1900,300,3100,1600,400,100,1900,11400,1400,1500,6900,2000,700
251.0,10.8,99800,1075296.0,10.76,10.73,10.7,10.68,10.67,10.65,10.64,10.63,10.62,10.6,10.81,10.82,10.84,10.85,10.86,10.87,10.88,10.9,10.91,10.96,400,200,100,1400,400,2800,1900,300,3100,2000,1800,400,100,1900,11400,1400,1500,6900,2000,700
252.0,10.8,99800,1075296.0,10.78,10.76,10.73,10.7,10.68,10.67,10.65,10.64,10.63,10.62,10.81,10.82,10.84,10.85,10.86,10.87,10.88,10.9,10.91,10.96,100,600,200,100,1400,400,2800,1900,300,3100,2000,400,100,1900,11400,1400,1500,6900,2000,700
253.0,10.8,99800,1075296.0,10.78,10.76,10.73,10.7,10.68,10.67,10.65,10.64,10.63,10.62,10.81,10.82,10.85,10.86,10.87,10.88,10.9,10.91,10.96,10.99,200,600,200,100,1400,400,2800,1900,300,3100,2100,400,1900,11400,1400,500,6900,2000,700,2200
254.0,10.8,99800,1075296.0,10.78,10.76,10.73,10.7,10.68,10.67,10.65,10.64,10.63,10.62,10.8,10.81,10.82,10.85,10.86,10.87,10.88,10.9,10.91,10.96,200,600,200,100,1400,400,2800,1900,300,3100,100,2100,400,1900,11400,1400,500,6900,2000,700
255.0,10.8,99800,1075296.0,10.78,10.76,10.73,10.7,10.68,10.67,10.65,10.64,10.63,10.62,10.8,10.81,10.82,10.85,10.86,10.87,10.88,10.9,10.91,10.96,300,600,200,100,1400,400,2800,1900,300,3100,100,2200,400,1900,11400,1400,500,6900,2000,700
256.0,10.8,99800,1075296.0,10.78,10.76,10.73,10.7,10.68,10.67,10.65,10.64,10.63,10.62,10.8,10.81,10.82,10.85,10.86,10.87,10.88,10.9,10.91,10.96,300,600,200,100,1400,400,2800,1900,300,3100,100,2200,400,1900,11400,1400,500,6900,2000,700
257.0,10.8,99800,1075296.0,10.79,10.78,10.76,10.73,10.7,10.68,10.67,10.65,10.64,10.63,10.8,10.81,10.82,10.85,10.86,10.87,10.88,10.9,10.91,10.96,100,300,600,200,100,1400,400,2800,1900,300,100,2400,400,1900,11400,1400,500,6900,2000,700
258.0,10.8,99800,1075296.0,10.79,10.78,10.76,10.73,10.7,10.68,10.67,10.65,10.64,10.63,10.8,10.81,10.82,10.85,10.86,10.87,10.88,10.9,10.91,10.96,100,300,600,200,100,1400,400,2800,1900,300,100,2400,400,1900,11400,1400,500,6900,2000,700
259.0,10.8,99800,1075296.0,10.79,10.78,10.76,10.73,10.7,10.68,10.67,10.65,10.64,10.63,10.8,10.81,10.85,10.86,10.87,10.88,10.9,10.91,10.96,10.99,100,300,600,200,100,1400,400,2800,1900,300,300,2200,1900,11400,1400,500,6900,2000,700,2200
260.0,10.79,99900,1076375.0,10.78,10.76,10.73,10.7,10.68,10.67,10.65,10.64,10.63,10.62,10.8,10.81,10.85,10.86,10.87,10.88,10.9,10.91,10.96,10.99,300,600,200,100,1400,400,2800,1900,300,3100,300,2000,1900,11400,1400,500,6900,2500,700,2200
261.0,10.78,100100,1078531.0,10.78,10.76,10.73,10.7,10.68,10.67,10.65,10.64,10.63,10.62,10.8,10.81,10.85,10.86,10.87,10.88,10.9,10.91,10.96,10.99,100,600,200,100,1400,400,2800,1900,300,3100,300,1300,1900,11400,1400,500,6900,2500,700,2200
262.0,10.78,100100,1078531.0,10.78,10.76,10.73,10.7,10.68,10.67,10.65,10.64,10.63,10.62,10.8,10.81,10.85,10.86,10.87,10.88,10.9,10.91,10.96,10.99,100,600,200,100,1400,400,2800,1900,300,3100,300,1300,1900,11400,1400,500,6900,2500,700,2200
263.0,10.8,100200,1079611.0,10.78,10.76,10.73,10.7,10.68,10.67,10.65,10.64,10.63,10.62,10.8,10.81,10.85,10.86,10.87,10.88,10.9,10.91,10.96,10.99,400,900,200,100,1400,400,2800,1900,300,3100,400,1300,1900,11400,1400,500,6900,2500,700,2200
264.0,10.8,100200,1079611.0,10.78,10.76,10.73,10.7,10.68,10.67,10.65,10.64,10.63,10.62,10.8,10.81,10.85,10.86,10.87,10.88,10.9,10.91,10.96,10.99,400,900,200,100,1400,400,2800,1900,300,3100,400,1300,1900,11400,1400,500,6900,2500,700,2200
265.0,10.8,100200,1079611.0,10.78,10.76,10.73,10.7,10.68,10.67,10.65,10.64,10.63,10.62,10.8,10.81,10.85,10.86,10.87,10.88,10.9,10.91,10.96,10.99,400,900,200,100,1400,400,2800,1900,300,3100,400,600,1900,11400,1400,500,6900,2500,700,2200
266.0,10.8,100200,1079611.0,10.78,10.76,10.73,10.7,10.68,10.67,10.65,10.64,10.63,10.62,10.8,10.81,10.85,10.86,10.87,10.88,10.9,10.91,10.96,10.99,400,900,200,100,1400,400,2800,1900,300,3100,400,600,1900,11400,1400,500,6900,2500,700,2200
267.0,10.8,100200,1079611.0,10.78,10.76,10.73,10.7,10.68,10.67,10.65,10.64,10.63,10.62,10.8,10.81,10.85,10.86,10.87,10.88,10.9,10.91,10.96,10.99,400,900,200,100,1400,400,2800,1900,300,3100,400,600,1900,11400,1400,500,6900,2500,700,2200
268.0,10.8,100200,1079611.0,10.78,10.76,10.73,10.7,10.68,10.67,10.65,10.64,10.63,10.62,10.8,10.81,10.85,10.86,10.87,10.88,10.9,10.91,10.96,10.99,400,900,200,100,1400,400,2800,1900,300,3100,1100,600,1900,11400,1400,500,6900,2500,700,2200
269.0,10.8,100200,1079611.0,10.78,10.76,10.73,10.7,10.68,10.67,10.65,10.64,10.63,10.62,10.8,10.81,10.85,10.86,10.87,10.88,10.9,10.91,10.96,10.99,400,900,200,100,1400,400,2800,1900,300,3100,1100,600,1900,11400,1400,500,6900,2500,700,2200
270.0,10.8,100200,1079611.0,10.78,10.76,10.73,10.7,10.68,10.67,10.65,10.64,10.63,10.62,10.8,10.81,10.85,10.86,10.87,10.88,10.9,10.91,10.96,10.99,400,900,200,100,1400,400,2800,1900,300,3100,1100,600,1900,11400,1400,500,6900,2500,700,2200
271.0,10.8,100200,1079611.0,10.78,10.76,10.73,10.7,10.68,10.67,10.65,10.64,10.63,10.62,10.8,10.81,10.85,10.86,10.87,10.88,10.9,10.91,10.96,10.99,400,900,200,100,1400,400,2800,1900,300,3100,1100,600,1900,11400,1400,500,6900,2500,700,2200
272.0,10.8,100200,1079611.0,10.78,10.76,10.73,10.7,10.68,10.67,10.65,10.64,10.63,10.62,10.8,10.81,10.85,10.86,10.87,10.88,10.9,10.91,10.96,10.99,400,900,200,100,1400,400,2800,1900,300,3100,1100,600,1900,11400,1400,500,7900,2500,700,2200
273.0,10.8,100200,1079611.0,10.78,10.76,10.73,10.7,10.68,10.67,10.65,10.64,10.63,10.62,10.8,10.81,10.85,10.86,10.87,10.88,10.9,10.91,10.96,10.99,400,900,200,100,1400,400,2800,1900,300,3100,1100,600,1900,11400,1400,500,7900,2500,700,2200
274.0,10.8,100200,1079611.0,10.78,10.76,10.73,10.7,10.68,10.67,10.65,10.64,10.63,10.62,10.8,10.81,10.85,10.86,10.87,10.88,10.9,10.91,10.96,10.99,400,900,200,100,1400,400,2800,1900,300,3100,1100,600,1900,11400,1400,500,7900,2500,700,2200
275.0,10.8,100200,1079611.0,10.78,10.76,10.73,10.7,10.68,10.67,10.65,10.64,10.63,10.62,10.8,10.81,10.85,10.86,10.87,10.88,10.9,10.91,10.96,10.99,400,900,200,100,1400,400,2800,1900,300,3100,1100,600,1900,11400,1400,500,7900,2500,700,2200
276.0,10.78,100500,1082845.0,10.78,10.76,10.73,10.7,10.68,10.67,10.65,10.64,10.63,10.62,10.8,10.81,10.85,10.86,10.87,10.88,10.9,10.91,10.96,10.99,100,900,200,100,1400,400,2800,1900,300,3100,1100,600,1900,11400,1400,500,7900,2500,700,2200
277.0,10.78,100500,1082845.0,10.78,10.76,10.73,10.7,10.68,10.67,10.65,10.64,10.63,10.62,10.8,10.81,10.85,10.86,10.87,10.88,10.9,10.91,10.96,10.99,100,900,200,100,1400,400,2800,1900,300,3100,1100,600,1900,11400,1400,500,7900,2500,700,2200
278.0,10.78,100500,1082845.0,10.78,10.76,10.73,10.7,10.68,10.67,10.65,10.64,10.63,10.62,10.8,10.81,10.85,10.86,10.87,10.88,10.9,10.91,10.96,10.99,100,900,200,100,1400,400,2800,1900,300,3100,1100,600,1900,11400,1400,500,7900,2500,700,2200
279.0,10.8,100600,1083925.0,10.78,10.76,10.73,10.7,10.68,10.67,10.65,10.64,10.63,10.62,10.8,10.81,10.85,10.86,10.87,10.88,10.9,10.91,10.96,10.99,100,900,200,100,1400,400,2800,1900,300,3100,1000,600,1900,11400,1400,500,7900,2500,700,2200
280.0,10.8,100600,1083925.0,10.78,10.76,10.73,10.7,10.68,10.67,10.65,10.64,10.63,10.62,10.8,10.81,10.85,10.86,10.87,10.88,10.9,10.91,10.96,10.99,100,900,200,100,1400,400,2800,1900,300,3100,1000,600,1900,11400,1400,500,7900,2500,700,2200
281.0,10.78,100700,1085003.0,10.76,10.73,10.7,10.68,10.67,10.65,10.64,10.63,10.62,10.6,10.8,10.81,10.85,10.86,10.87,10.88,10.89,10.9,10.91,10.96,900,200,100,1400,400,2800,1900,300,3100,2000,1000,600,1900,11400,1400,500,500,7900,2500,700
282.0,10.78,100700,1085003.0,10.76,10.73,10.7,10.68,10.67,10.65,10.64,10.63,10.62,10.6,10.8,10.81,10.85,10.86,10.87,10.88,10.89,10.9,10.91,10.96,1000,200,100,1400,400,2800,1900,300,3100,2000,1100,600,1900,11400,1400,500,500,7900,2500,700
283.0,10.78,100700,1085003.0,10.76,10.73,10.7,10.68,10.67,10.65,10.64,10.63,10.62,10.6,10.8,10.81,10.85,10.86,10.87,10.88,10.89,10.9,10.91,10.96,1000,200,100,1400,400,2800,1900,300,3100,2000,1100,600,1900,11400,1400,500,500,7900,2500,700
284.0,10.76,101100,1089307.0,10.76,10.73,10.7,10.68,10.67,10.65,10.64,10.63,10.62,10.6,10.8,10.81,10.85,10.86,10.87,10.88,10.89,10.9,10.91,10.96,700,200,100,1400,400,2800,1900,300,3100,2000,1200,600,1900,11400,1400,500,500,7900,2500,700
285.0,10.76,101100,1089307.0,10.76,10.73,10.7,10.68,10.67,10.65,10.64,10.63,10.62,10.6,10.79,10.8,10.81,10.85,10.86,10.87,10.88,10.89,10.9,10.91,700,200,100,1400,400,2800,1900,300,3100,2000,1300,400,600,1900,11400,2400,500,500,7900,2500
286.0,10.76,101100,1089307.0,10.76,10.73,10.7,10.68,10.67,10.65,10.64,10.63,10.62,10.6,10.79,10.8,10.81,10.85,10.86,10.87,10.88,10.89,10.9,10.91,700,200,100,1400,400,2800,1900,300,3100,2000,1300,400,600,1900,11400,2400,500,500,7900,2500
287.0,10.76,101100,1089307.0,10.76,10.73,10.7,10.68,10.67,10.65,10.64,10.63,10.62,10.6,10.79,10.8,10.81,10.85,10.86,10.87,10.88,10.89,10.9,10.91,700,200,100,1400,400,2800,1900,300,3100,2000,1300,400,600,1900,11400,2400,500,500,7900,2500
288.0,10.76,101100,1089307.0,10.76,10.73,10.7,10.68,10.67,10.65,10.64,10.63,10.62,10.6,10.79,10.8,10.81,10.85,10.86,10.87,10.88,10.89,10.9,10.91,700,200,100,1400,400,2800,1900,300,3100,2000,1300,400,600,1900,11400,2400,500,500,7900,2500
289.0,10.76,101100,1089307.0,10.76,10.73,10.7,10.68,10.67,10.65,10.64,10.63,10.62,10.6,10.79,10.8,10.81,10.85,10.86,10.87,10.88,10.89,10.9,10.91,700,200,100,1400,400,2800,1900,300,3100,2000,1300,400,600,1900,11400,2400,500,500,7900,2500
290.0,10.76,101100,1089307.0,10.76,10.73,10.7,10.68,10.67,10.65,10.64,10.63,10.62,10.6,10.79,10.8,10.81,10.85,10.86,10.87,10.88,10.89,10.9,10.91,700,200,100,1400,400,2800,1900,300,3100,2000,1300,400,600,1900,11400,2400,500,500,7900,2500
291.0,10.76,101100,1089307.0,10.76,10.73,10.7,10.68,10.67,10.65,10.64,10.63,10.62,10.6,10.79,10.8,10.81,10.85,10.86,10.87,10.88,10.89,10.9,10.91,700,200,100,1400,400,2800,1900,300,3100,2000,1300,400,600,1900,11400,2400,500,500,7900,2500
292.0,10.76,101100,1089307.0,10.76,10.73,10.7,10.68,10.67,10.65,10.64,10.63,10.62,10.6,10.79,10.8,10.81,10.85,10.86,10.87,10.88,10.89,10.9,10.91,700,200,100,1400,400,2800,1900,300,3100,2000,1300,400,600,1900,11400,2400,500,500,7900,2500
293.0,10.76,101100,1089307.0,10.76,10.73,10.7,10.68,10.67,10.65,10.64,10.63,10.62,10.6,10.79,10.8,10.81,10.85,10.86,10.87,10.88,10.89,10.9,10.91,700,200,100,1400,400,2800,1900,300,3100,2000,1300,400,600,1900,11400,2400,500,500,7900,2500
294.0,10.78,101800,1096853.0,10.78,10.76,10.73,10.7,10.68,10.67,10.65,10.64,10.63,10.62,10.79,10.8,10.81,10.85,10.86,10.87,10.88,10.89,10.9,10.91,100,700,200,100,1400,400,2800,1900,300,3100,600,400,600,1900,11400,2400,500,500,7900,2500
295.0,10.78,101800,1096853.0,10.78,10.76,10.73,10.7,10.68,10.67,10.65,10.64,10.63,10.62,10.79,10.8,10.81,10.85,10.86,10.87,10.88,10.89,10.9,10.91,100,700,200,100,1400,400,2800,1900,300,3100,600,400,600,1900,11400,2400,500,500,7900,2500
296.0,10.78,101900,1097931.0,10.76,10.73,10.7,10.68,10.67,10.65,10.64,10.63,10.62,10.6,10.78,10.79,10.8,10.81,10.85,10.86,10.87,10.88,10.89,10.9,700,200,100,1400,400,2800,1900,300,3100,2000,200,500,400,600,1900,11400,2400,500,500,7900
297.0,10.78,101900,1097931.0,10.76,10.73,10.7,10.68,10.67,10.65,10.64,10.63,10.62,10.6,10.78,10.79,10.8,10.81,10.85,10.86,10.87,10.88,10.89,10.9,700,200,100,1400,400,2800,1900,300,3100,2000,600,500,400,600,3900,11400,2400,500,500,7900
298.0,10.78,101900,1097931.0,10.76,10.73,10.7,10.68,10.67,10.65,10.64,10.63,10.62,10.6,10.78,10.79,10.8,10.81,10.85,10.86,10.87,10.88,10.89,10.9,700,200,100,1400,400,2800,1900,300,3100,2000,600,500,400,600,3900,11400,2400,500,500,7900
299.0,10.78,101900,1097931.0,10.76,10.73,10.7,10.68,10.67,10.65,10.64,10.63,10.62,10.6,10.78,10.79,10.8,10.81,10.85,10.86,10.87,10.88,10.89,10.9,600,200,100,1400,400,2800,1900,300,3100,2000,600,500,400,600,3900,11400,2400,500,500,7900
300.0,10.78,101900,1097931.0,10.76,10.73,10.7,10.68,10.67,10.65,10.64,10.63,10.62,10.6,10.78,10.79,10.8,10.81,10.85,10.86,10.87,10.88,10.89,10.9,600,200,100,1400,400,2800,1900,300,3100,2000,600,200,400,600,3900,11400,2400,500,500,7900
301.0,10.78,101900,1097931.0,10.76,10.73,10.7,10.68,10.67,10.65,10.64,10.63,10.62,10.6,10.78,10.79,10.8,10.81,10.85,10.86,10.87,10.88,10.89,10.9,600,200,100,1400,400,2800,1900,300,3100,2000,600,200,400,600,3900,11400,2400,500,500,7900
302.0,10.78,101900,1097931.0,10.76,10.73,10.7,10.68,10.67,10.65,10.64,10.63,10.62,10.6,10.78,10.79,10.8,10.81,10.85,10.86,10.87,10.88,10.89,10.9,400,200,100,1400,400,2800,1900,300,3100,2000,600,200,400,600,3900,11400,2400,500,500,7900
303.0,10.78,101900,1097931.0,10.76,10.73,10.7,10.68,10.67,10.65,10.64,10.63,10.62,10.6,10.78,10.79,10.8,10.81,10.85,10.86,10.87,10.88,10.89,10.9,400,200,100,1400,400,2800,1900,300,3100,2000,600,200,400,600,3900,11400,2400,500,500,7900
304.0,10.78,101900,1097931.0,10.76,10.73,10.71,10.7,10.68,10.67,10.65,10.64,10.63,10.62,10.78,10.79,10.8,10.81,10.85,10.86,10.87,10.88,10.89,10.9,400,200,200,100,1400,400,2800,1900,300,3100,800,200,400,600,3900,11400,2400,500,500,7900
305.0,10.78,101900,1097931.0,10.76,10.73,10.71,10.7,10.68,10.67,10.65,10.64,10.63,10.62,10.78,10.79,10.8,10.81,10.85,10.86,10.87,10.88,10.89,10.9,500,200,200,100,1400,400,2800,1900,300,3100,800,200,400,600,3900,11400,2400,500,500,7900
306.0,10.78,101900,1097931.0,10.76,10.73,10.71,10.7,10.68,10.67,10.65,10.64,10.63,10.62,10.78,10.79,10.8,10.81,10.85,10.86,10.87,10.88,10.89,10.9,500,200,200,100,1400,400,2800,1900,300,3100,800,200,400,600,3900,11400,2400,500,500,7900
307.0,10.76,102000,1099007.0,10.76,10.73,10.71,10.7,10.68,10.67,10.65,10.64,10.63,10.62,10.78,10.79,10.8,10.81,10.85,10.86,10.87,10.88,10.89,10.9,400,200,200,100,1400,400,2800,1900,300,3100,800,200,400,600,3900,11400,2400,500,500,7900
308.0,10.76,102000,1099007.0,10.76,10.73,10.71,10.7,10.68,10.67,10.65,10.64,10.63,10.62,10.78,10.79,10.8,10.81,10.85,10.86,10.87,10.88,10.89,10.9,400,200,200,100,1400,400,2800,1900,300,3100,800,200,400,600,3900,11400,2400,500,500,7900
309.0,10.76,102000,1099007.0,10.76,10.73,10.71,10.7,10.68,10.67,10.65,10.64,10.63,10.62,10.78,10.79,10.8,10.81,10.85,10.86,10.87,10.88,10.89,10.9,400,200,200,100,1400,400,2800,1900,300,3100,800,200,400,600,3900,11400,2400,500,500,7900
310.0,10.76,102300,1102235.0,10.76,10.73,10.71,10.7,10.68,10.67,10.65,10.64,10.63,10.62,10.78,10.79,10.8,10.81,10.85,10.86,10.87,10.88,10.89,10.9,100,200,200,100,1400,400,2800,1900,300,3100,1700,200,400,600,3900,11400,2400,500,500,7900
311.0,10.76,102300,1102235.0,10.76,10.73,10.71,10.7,10.68,10.67,10.65,10.64,10.63,10.62,10.78,10.79,10.8,10.81,10.85,10.86,10.87,10.88,10.89,10.9,100,200,200,100,1400,400,2800,1900,300,3100,1700,200,400,600,3900,11400,2400,500,500,7900
312.0,10.76,102300,1102235.0,10.76,10.73,10.71,10.7,10.68,10.67,10.65,10.64,10.63,10.62,10.78,10.79,10.8,10.81,10.85,10.86,10.87,10.88,10.89,10.9,100,200,200,100,1400,400,2800,1900,300,3100,1700,200,400,600,3900,11400,2400,500,500,7900
313.0,10.76,102300,1102235.0,10.76,10.73,10.71,10.7,10.68,10.67,10.65,10.64,10.63,10.62,10.78,10.79,10.8,10.81,10.85,10.86,10.87,10.88,10.89,10.9,100,200,200,100,1400,400,2800,1900,300,3100,1700,200,400,600,3900,11400,2400,500,500,7900
314.0,10.78,102400,1103313.0,10.76,10.73,10.71,10.7,10.68,10.67,10.65,10.64,10.63,10.62,10.78,10.79,10.8,10.81,10.85,10.86,10.87,10.88,10.89,10.9,100,400,200,100,1400,400,2800,1900,300,3100,1600,200,400,600,3900,11400,2400,500,500,7900
315.0,10.78,102400,1103313.0,10.76,10.73,10.71,10.7,10.68,10.67,10.65,10.64,10.63,10.62,10.78,10.79,10.8,10.81,10.85,10.86,10.87,10.88,10.89,10.9,100,400,200,100,1400,400,2800,1900,300,3100,1600,200,400,600,3900,11400,2400,500,500,7900
316.0,10.78,102400,1103313.0,10.76,10.73,10.71,10.7,10.68,10.67,10.65,10.64,10.63,10.62,10.78,10.79,10.8,10.81,10.85,10.86,10.87,10.88,10.89,10.9,100,400,200,100,1400,400,2800,1900,300,3100,1600,200,400,600,3900,11400,2400,500,500,7900
317.0,10.78,102400,1103313.0,10.76,10.73,10.71,10.7,10.68,10.67,10.65,10.64,10.63,10.62,10.78,10.79,10.8,10.81,10.85,10.86,10.87,10.88,10.89,10.9,100,400,200,100,1400,400,2800,1900,300,3100,1600,200,400,600,3900,11400,2400,500,500,7900
318.0,10.78,102500,1104391.0,10.76,10.74,10.73,10.71,10.7,10.68,10.67,10.65,10.64,10.63,10.78,10.79,10.8,10.81,10.85,10.86,10.87,10.88,10.89,10.9,100,200,3400,200,100,1400,400,2800,1900,300,1500,200,400,600,3900,11400,2400,500,500,7900
319.0,10.78,102500,1104391.0,10.76,10.74,10.73,10.71,10.7,10.68,10.67,10.65,10.64,10.63,10.78,10.79,10.8,10.81,10.85,10.86,10.87,10.88,10.89,10.9,100,200,3400,200,100,1400,400,2800,1900,300,1500,200,400,600,3900,11400,2400,500,500,7900
320.0,10.78,102500,1104391.0,10.76,10.74,10.73,10.71,10.7,10.68,10.67,10.65,10.64,10.63,10.78,10.79,10.8,10.81,10.85,10.86,10.87,10.88,10.89,10.9,100,200,3400,200,100,1400,400,2800,1900,300,1500,200,400,600,3900,11400,2400,500,500,7900
321.0,10.78,102600,1105469.0,10.76,10.75,10.74,10.73,10.71,10.7,10.68,10.67,10.65,10.64,10.78,10.79,10.8,10.81,10.85,10.86,10.87,10.88,10.89,10.9,100,100,200,3400,200,100,1400,400,2800,1900,1400,200,400,600,3900,11400,2400,500,500,7900
322.0,10.78,102700,1106547.0,10.76,10.75,10.74,10.73,10.71,10.7,10.68,10.67,10.65,10.64,10.78,10.79,10.8,10.81,10.85,10.86,10.87,10.88,10.89,10.9,100,100,200,3400,200,100,1400,400,2800,1900,1300,200,400,600,3900,11400,2400,500,500,7900
323.0,10.78,102700,1106547.0,10.76,10.75,10.74,10.73,10.71,10.7,10.68,10.67,10.65,10.64,10.78,10.79,10.8,10.81,10.85,10.86,10.87,10.88,10.89,10.9,100,100,200,3400,200,100,1400,400,2800,1900,1300,200,400,600,3900,11400,2400,500,500,7900
324.0,10.78,102700,1106547.0,10.76,10.75,10.74,10.73,10.71,10.7,10.68,10.67,10.65,10.64,10.78,10.79,10.8,10.81,10.85,10.86,10.87,10.88,10.89,10.9,100,100,200,3400,200,100,1400,400,2800,1900,1300,200,400,600,3900,11400,2400,500,500,7900
325.0,10.78,102800,1107625.0,10.76,10.75,10.74,10.73,10.71,10.7,10.68,10.67,10.65,10.64,10.77,10.78,10.8,10.81,10.85,10.86,10.87,10.88,10.89,10.9,100,100,200,3400,200,100,1400,400,2800,1900,400,1100,200,400,3900,11400,2400,500,500,7900
326.0,10.78,102800,1107625.0,10.76,10.75,10.74,10.73,10.71,10.7,10.68,10.67,10.65,10.64,10.77,10.78,10.8,10.81,10.85,10.86,10.87,10.88,10.89,10.9,100,100,200,3400,200,100,1400,400,2800,1900,400,1100,200,400,3900,11400,2400,500,500,7900
327.0,10.78,102800,1107625.0,10.76,10.75,10.74,10.73,10.71,10.7,10.68,10.67,10.65,10.64,10.77,10.78,10.8,10.81,10.85,10.86,10.87,10.88,10.89,10.9,100,100,200,3400,200,100,1400,400,2800,1900,400,1100,200,400,3900,11400,2400,500,500,7900
328.0,10.78,102800,1107625.0,10.76,10.75,10.74,10.73,10.71,10.7,10.68,10.67,10.65,10.64,10.77,10.78,10.8,10.81,10.85,10.86,10.87,10.88,10.89,10.9,100,100,200,3400,200,100,1400,400,2800,1900,400,1100,200,400,3900,11400,2400,500,500,7900
329.0,10.78,102800,1107625.0,10.76,10.75,10.74,10.73,10.71,10.7,10.68,10.67,10.65,10.64,10.77,10.78,10.8,10.81,10.85,10.86,10.87,10.88,10.89,10.9,100,100,200,3400,200,100,1400,400,2800,1900,400,1100,200,400,3900,11400,2400,500,500,7900
330.0,10.78,102800,1107625.0,10.76,10.75,10.74,10.73,10.71,10.7,10.68,10.67,10.65,10.64,10.77,10.78,10.8,10.81,10.85,10.86,10.87,10.88,10.89,10.9,100,100,200,3400,200,100,1400,400,2800,1900,400,1100,200,400,3900,11400,2400,500,500,7900
331.0,10.78,102800,1107625.0,10.76,10.75,10.74,10.73,10.71,10.7,10.68,10.67,10.65,10.64,10.77,10.78,10.8,10.81,10.85,10.86,10.87,10.88,10.89,10.9,100,100,200,3400,200,100,1400,400,2800,1900,400,1100,200,400,3900,11400,2400,500,500,7900
332.0,10.78,102800,1107625.0,10.76,10.75,10.74,10.73,10.71,10.7,10.68,10.67,10.65,10.64,10.77,10.78,10.8,10.81,10.85,10.86,10.87,10.88,10.89,10.9,100,100,200,3400,200,100,1400,400,2800,1900,400,1100,200,400,3900,11400,2400,500,500,7900
333.0,10.78,102800,1107625.0,10.76,10.75,10.74,10.73,10.71,10.7,10.68,10.67,10.65,10.64,10.77,10.78,10.8,10.81,10.85,10.86,10.87,10.88,10.89,10.9,100,100,200,3400,200,100,1400,400,2800,1900,400,1100,200,400,3900,11400,2400,500,500,7900
334.0,10.78,102800,1107625.0,10.76,10.75,10.74,10.73,10.71,10.7,10.68,10.67,10.65,10.64,10.77,10.78,10.8,10.81,10.85,10.86,10.87,10.88,10.89,10.9,100,100,200,3400,200,100,1400,400,2800,1900,400,1100,200,400,3900,11400,2400,500,500,7900
335.0,10.78,102800,1107625.0,10.76,10.75,10.74,10.73,10.71,10.7,10.68,10.67,10.65,10.64,10.77,10.78,10.8,10.81,10.85,10.86,10.87,10.88,10.89,10.9,100,100,200,3400,200,100,1400,400,2800,1900,400,1100,200,400,3900,11400,2400,500,500,7900
336.0,10.78,102800,1107625.0,10.76,10.75,10.74,10.73,10.71,10.7,10.68,10.67,10.65,10.64,10.77,10.78,10.8,10.81,10.85,10.86,10.87,10.88,10.89,10.9,100,100,200,3400,200,100,1400,400,2800,1900,400,1100,200,400,3900,11400,2400,500,500,7900
337.0,10.78,102800,1107625.0,10.76,10.75,10.74,10.73,10.71,10.7,10.68,10.67,10.65,10.64,10.77,10.78,10.8,10.81,10.85,10.86,10.87,10.88,10.89,10.9,100,100,200,3400,200,100,1400,400,2800,1900,400,1100,200,400,3900,11400,2400,500,500,7900
338.0,10.78,102800,1107625.0,10.76,10.75,10.74,10.73,10.71,10.7,10.68,10.67,10.65,10.64,10.77,10.78,10.8,10.81,10.85,10.86,10.87,10.88,10.89,10.9,100,100,200,3400,200,100,1400,400,2800,1900,400,1100,200,400,3900,11400,2400,500,500,7900
339.0,10.78,102800,1107625.0,10.76,10.75,10.74,10.73,10.71,10.7,10.68,10.67,10.65,10.64,10.77,10.78,10.8,10.81,10.85,10.86,10.87,10.88,10.89,10.9,100,100,200,3400,200,100,1400,400,2800,1900,400,1100,200,400,3900,11400,2400,500,500,7900
340.0,10.78,102800,1107625.0,10.76,10.75,10.74,10.73,10.71,10.7,10.68,10.67,10.65,10.64,10.77,10.78,10.8,10.81,10.85,10.86,10.87,10.88,10.89,10.9,100,100,200,3400,200,100,1400,400,2800,1900,400,1100,200,400,3900,11400,2400,500,500,7900
341.0,10.78,102800,1107625.0,10.76,10.75,10.74,10.73,10.71,10.7,10.68,10.67,10.65,10.64,10.77,10.78,10.8,10.81,10.85,10.86,10.87,10.88,10.89,10.9,100,100,200,3400,200,100,1400,400,2800,1900,400,1100,200,400,3900,11400,2400,500,500,7900
342.0,10.78,102800,1107625.0,10.76,10.75,10.74,10.73,10.71,10.7,10.68,10.67,10.65,10.64,10.77,10.78,10.8,10.81,10.85,10.86,10.87,10.88,10.89,10.9,100,100,200,3400,200,100,1400,400,2800,1900,400,1100,200,400,3900,11400,2400,500,500,7900
343.0,10.78,102800,1107625.0,10.76,10.75,10.74,10.73,10.71,10.7,10.68,10.67,10.65,10.64,10.77,10.78,10.8,10.81,10.85,10.86,10.87,10.88,10.89,10.9,100,100,200,3400,200,100,1400,400,2800,1900,400,1100,200,400,3900,11400,2400,500,500,7900
344.0,10.78,102800,1107625.0,10.76,10.75,10.74,10.73,10.71,10.7,10.68,10.67,10.65,10.64,10.77,10.78,10.8,10.81,10.85,10.86,10.87,10.88,10.89,10.9,100,100,200,3400,200,100,1400,400,2800,1900,400,1100,200,400,3900,11400,2400,500,500,7900
345.0,10.78,102800,1107625.0,10.76,10.75,10.74,10.73,10.71,10.7,10.68,10.67,10.65,10.64,10.77,10.78,10.8,10.81,10.85,10.86,10.87,10.88,10.89,10.9,100,100,200,3400,200,100,1400,400,2800,1900,400,1100,200,400,3900,11400,2400,500,500,7900
346.0,10.78,102800,1107625.0,10.76,10.75,10.74,10.73,10.71,10.7,10.68,10.67,10.65,10.64,10.77,10.78,10.8,10.81,10.85,10.86,10.87,10.88,10.89,10.9,100,100,200,3400,200,100,1400,400,2800,1900,400,1100,200,400,3900,11400,2400,500,500,7900
347.0,10.78,102800,1107625.0,10.76,10.75,10.74,10.73,10.71,10.7,10.68,10.67,10.65,10.64,10.77,10.78,10.8,10.81,10.85,10.86,10.87,10.88,10.89,10.9,100,100,200,3400,200,100,1400,400,2800,1900,400,1100,200,400,3900,11400,2400,500,500,7900
348.0,10.78,102800,1107625.0,10.76,10.75,10.74,10.73,10.71,10.7,10.68,10.67,10.65,10.64,10.77,10.78,10.8,10.81,10.85,10.86,10.87,10.88,10.89,10.9,100,100,200,3400,200,100,1400,400,2800,1900,400,1100,200,400,3900,11400,2400,500,500,7900
349.0,10.78,102800,1107625.0,10.76,10.75,10.74,10.73,10.71,10.7,10.68,10.67,10.65,10.64,10.77,10.78,10.8,10.81,10.85,10.86,10.87,10.88,10.89,10.9,100,100,200,3400,200,100,1400,400,2800,1900,400,1100,200,400,3900,11400,2400,500,500,7900
350.0,10.78,102800,1107625.0,10.76,10.75,10.74,10.73,10.71,10.7,10.68,10.67,10.65,10.64,10.77,10.78,10.8,10.81,10.85,10.86,10.87,10.88,10.89,10.9,100,100,200,3400,200,100,1400,400,2800,1900,400,1100,200,400,3900,11400,2400,500,500,7900
351.0,10.78,102800,1107625.0,10.76,10.75,10.74,10.73,10.71,10.7,10.68,10.67,10.65,10.64,10.77,10.78,10.8,10.81,10.85,10.86,10.87,10.88,10.89,10.9,100,100,200,3400,200,100,1400,400,2800,1900,400,1100,200,400,3900,11400,2400,500,500,7900
352.0,10.78,102800,1107625.0,10.76,10.75,10.74,10.73,10.71,10.7,10.68,10.67,10.65,10.64,10.77,10.78,10.8,10.81,10.85,10.86,10.87,10.88,10.89,10.9,100,100,200,3400,200,100,1400,400,2800,1900,400,1100,200,400,3900,11400,2400,500,500,7900
353.0,10.78,102800,1107625.0,10.76,10.75,10.74,10.73,10.71,10.7,10.68,10.67,10.65,10.64,10.77,10.78,10.8,10.81,10.85,10.86,10.87,10.88,10.89,10.9,100,100,200,3400,200,100,1400,400,2800,1900,400,1100,200,400,3900,11400,2400,500,500,7900
354.0,10.78,102800,1107625.0,10.76,10.75,10.74,10.73,10.71,10.7,10.68,10.67,10.65,10.64,10.77,10.78,10.8,10.81,10.85,10.86,10.87,10.88,10.89,10.9,100,100,200,3400,200,100,1400,400,2800,1900,400,1100,200,400,3900,11400,2400,500,500,7900
355.0,10.78,102800,1107625.0,10.76,10.75,10.74,10.73,10.71,10.7,10.68,10.67,10.65,10.64,10.77,10.78,10.8,10.81,10.85,10.86,10.87,10.88,10.89,10.9,100,100,200,3400,200,100,1400,400,2800,1900,400,1100,200,400,3900,11400,2400,500,500,7900
356.0,10.78,102800,1107625.0,10.76,10.75,10.74,10.73,10.71,10.7,10.68,10.67,10.65,10.64,10.77,10.78,10.8,10.81,10.85,10.86,10.87,10.88,10.89,10.9,100,100,200,3400,200,100,1400,400,2800,1900,400,1100,200,400,3900,11400,2400,500,500,7900
357.0,10.78,102800,1107625.0,10.76,10.75,10.74,10.73,10.71,10.7,10.68,10.67,10.65,10.64,10.77,10.78,10.8,10.81,10.85,10.86,10.87,10.88,10.89,10.9,100,100,200,3400,200,100,1400,400,2800,1900,400,1100,200,400,3900,11400,2400,500,500,7900
358.0,10.76,102900,1108701.0,10.75,10.73,10.71,10.7,10.68,10.67,10.65,10.64,10.63,10.62,10.76,10.77,10.78,10.8,10.81,10.85,10.86,10.87,10.88,10.89,200,3400,200,100,1400,400,2800,1900,300,3100,300,400,1100,200,400,3900,11400,2400,500,500
359.0,10.76,102900,1108701.0,10.75,10.73,10.71,10.7,10.68,10.67,10.65,10.64,10.63,10.62,10.76,10.77,10.78,10.8,10.81,10.85,10.86,10.87,10.88,10.89,200,3400,200,100,1400,400,2800,1900,300,3100,300,400,1100,200,400,3900,11400,2400,500,500
360.0,10.76,102900,1108701.0,10.75,10.73,10.71,10.7,10.68,10.67,10.65,10.64,10.63,10.62,10.76,10.77,10.78,10.8,10.81,10.85,10.86,10.87,10.88,10.89,200,3400,200,100,1400,400,2800,1900,300,3100,300,400,1100,200,400,3900,11400,2400,500,500
361.0,10.76,102900,1108701.0,10.75,10.73,10.71,10.7,10.68,10.67,10.65,10.64,10.63,10.62,10.76,10.77,10.78,10.8,10.81,10.85,10.86,10.87,10.88,10.89,200,3400,200,100,1400,400,2800,1900,300,3100,300,400,1100,200,400,3900,11400,2400,500,500
362.0,10.76,102900,1108701.0,10.75,10.73,10.71,10.7,10.68,10.67,10.65,10.64,10.63,10.62,10.76,10.77,10.78,10.8,10.81,10.85,10.86,10.87,10.88,10.89,200,3400,200,100,1400,400,2800,1900,300,3100,300,400,1100,200,400,3900,11400,2400,500,500
363.0,10.75,103100,1110851.0,10.73,10.71,10.7,10.68,10.67,10.65,10.64,10.63,10.62,10.6,10.75,10.76,10.77,10.78,10.8,10.81,10.85,10.86,10.87,10.88,3400,200,100,1400,400,2800,1900,300,3100,2000,100,300,500,1100,200,400,3900,11400,2400,500
364.0,10.75,103100,1110851.0,10.73,10.71,10.7,10.68,10.67,10.65,10.64,10.63,10.62,10.6,10.75,10.76,10.77,10.78,10.8,10.81,10.85,10.86,10.87,10.88,3200,200,100,1400,400,2800,1900,300,3100,2000,300,300,500,1100,200,400,3900,11400,2400,500
365.0,10.75,104100,1121583.0,10.73,10.71,10.7,10.68,10.67,10.65,10.64,10.63,10.62,10.6,10.75,10.76,10.77,10.78,10.8,10.81,10.85,10.86,10.87,10.88,2300,200,100,1400,400,2800,1900,300,3100,2000,200,300,500,1100,200,400,3900,11400,2400,500
366.0,10.75,104100,1121583.0,10.73,10.71,10.7,10.68,10.67,10.65,10.64,10.63,10.62,10.6,10.75,10.76,10.77,10.78,10.8,10.81,10.85,10.86,10.87,10.88,2300,200,100,1400,400,2800,1900,300,3100,2000,200,300,500,1100,200,400,3900,11400,2400,500
367.0,10.75,104200,1122658.0,10.73,10.71,10.7,10.68,10.67,10.65,10.64,10.63,10.62,10.6,10.75,10.76,10.77,10.78,10.8,10.81,10.85,10.86,10.87,10.88,2300,200,100,1400,400,2800,1900,300,3100,2000,100,300,500,1100,200,400,3900,11400,2400,500
368.0,10.75,104200,1122658.0,10.73,10.71,10.7,10.68,10.67,10.65,10.64,10.63,10.62,10.6,10.75,10.76,10.77,10.78,10.8,10.81,10.85,10.86,10.87,10.88,2300,200,100,1400,400,2800,1900,300,3100,2000,100,300,500,1100,200,400,3900,11400,2400,500
369.0,10.75,104200,1122658.0,10.74,10.73,10.71,10.7,10.68,10.67,10.65,10.64,10.63,10.62,10.75,10.76,10.77,10.78,10.8,10.81,10.85,10.86,10.87,10.88,100,2300,200,100,1400,400,2800,1900,300,3100,100,300,500,1100,200,400,3900,11400,2400,500
370.0,10.75,104200,1122658.0,10.74,10.73,10.71,10.7,10.68,10.67,10.65,10.64,10.63,10.62,10.75,10.76,10.77,10.78,10.8,10.81,10.85,10.86,10.87,10.88,100,2300,200,100,1400,400,2800,1900,300,3100,100,300,500,1100,200,400,3900,11400,2400,500
371.0,10.75,104200,1122658.0,10.74,10.73,10.71,10.7,10.68,10.67,10.65,10.64,10.63,10.62,10.75,10.76,10.77,10.78,10.8,10.81,10.85,10.86,10.87,10.88,100,2300,200,100,1400,400,2800,1900,300,3100,100,300,500,1100,200,400,3900,11400,2400,500
372.0,10.75,104200,1122658.0,10.74,10.73,10.71,10.7,10.68,10.67,10.65,10.64,10.63,10.62,10.75,10.76,10.77,10.78,10.8,10.81,10.85,10.86,10.87,10.88,100,2300,200,100,1400,400,2800,1900,300,3100,100,300,500,1100,200,400,3900,11400,2400,500
373.0,10.75,104300,1123733.0,10.75,10.74,10.73,10.71,10.7,10.68,10.67,10.65,10.64,10.63,10.76,10.77,10.78,10.8,10.81,10.85,10.86,10.87,10.88,10.89,100,100,2300,200,100,1400,400,2800,1900,300,300,500,1100,200,400,3900,11400,2400,500,500
374.0,10.75,104300,1123733.0,10.75,10.74,10.73,10.71,10.7,10.68,10.67,10.65,10.64,10.63,10.76,10.77,10.78,10.8,10.81,10.85,10.86,10.87,10.88,10.89,100,100,2300,200,100,1400,400,2800,1900,300,300,500,1100,200,400,3900,11400,2400,500,500
375.0,10.75,104300,1123733.0,10.75,10.74,10.73,10.71,10.7,10.68,10.67,10.65,10.64,10.63,10.76,10.77,10.78,10.8,10.81,10.85,10.86,10.87,10.88,10.89,100,100,2300,200,100,1400,400,2800,1900,300,300,500,1100,200,400,3900,11400,2400,500,500
376.0,10.75,104300,1123733.0,10.75,10.74,10.73,10.71,10.7,10.68,10.67,10.65,10.64,10.63,10.76,10.77,10.78,10.8,10.81,10.85,10.86,10.87,10.88,10.89,100,100,2300,200,100,1400,400,2800,1900,300,300,500,1100,200,400,3900,11400,2400,500,500
377.0,10.76,104400,1124809.0,10.75,10.74,10.73,10.71,10.7,10.68,10.67,10.65,10.64,10.63,10.76,10.77,10.78,10.8,10.81,10.85,10.86,10.87,10.88,10.89,400,100,2300,200,100,1400,400,2800,1900,300,200,500,1100,200,400,3900,11400,2400,500,500
378.0,10.76,104400,1124809.0,10.75,10.74,10.73,10.71,10.7,10.68,10.67,10.65,10.64,10.63,10.76,10.77,10.78,10.8,10.81,10.85,10.86,10.87,10.88,10.89,400,100,2300,200,100,1400,400,2800,1900,300,200,500,1100,200,400,3900,11400,2400,500,500
379.0,10.76,104400,1124809.0,10.75,10.74,10.73,10.71,10.7,10.68,10.67,10.65,10.64,10.63,10.76,10.77,10.78,10.8,10.81,10.85,10.86,10.87,10.88,10.89,400,100,2300,200,100,1400,400,2800,1900,300,200,500,1100,200,400,3900,11400,2400,500,500
380.0,10.76,104400,1124809.0,10.75,10.74,10.73,10.71,10.7,10.68,10.67,10.65,10.64,10.63,10.76,10.77,10.78,10.8,10.81,10.85,10.86,10.87,10.88,10.89,400,100,2300,200,100,1400,400,2800,1900,300,200,500,1100,200,400,3900,11400,2400,500,500
381.0,10.76,104400,1124809.0,10.75,10.74,10.73,10.71,10.7,10.68,10.67,10.65,10.64,10.63,10.76,10.77,10.78,10.8,10.81,10.85,10.86,10.87,10.88,10.89,400,100,2300,200,100,1400,400,2800,1900,300,200,500,1100,200,400,3900,11400,2400,500,500
382.0,10.76,104400,1124809.0,10.75,10.74,10.73,10.71,10.7,10.68,10.67,10.65,10.64,10.63,10.76,10.77,10.78,10.8,10.81,10.85,10.86,10.87,10.88,10.89,400,100,2300,200,100,1400,400,2800,1900,300,200,500,1100,200,400,3900,11400,2400,500,500
383.0,10.74,104900,1130183.0,10.73,10.71,10.7,10.68,10.67,10.65,10.64,10.63,10.62,10.6,10.74,10.75,10.76,10.77,10.78,10.8,10.81,10.85,10.86,10.87,2300,200,100,1400,400,2800,1900,300,3100,2000,300,100,200,500,1100,200,400,3900,11400,2400
384.0,10.74,104900,1130183.0,10.73,10.71,10.7,10.68,10.67,10.65,10.64,10.63,10.62,10.6,10.74,10.75,10.76,10.77,10.78,10.8,10.81,10.85,10.86,10.87,2300,200,100,1400,400,2800,1900,300,3100,2000,300,100,200,500,1100,200,400,3700,11400,2400
385.0,10.74,104900,1130183.0,10.73,10.71,10.7,10.68,10.67,10.65,10.64,10.63,10.62,10.6,10.74,10.75,10.76,10.77,10.78,10.8,10.81,10.85,10.86,10.87,2300,200,100,1400,400,2800,1900,300,3100,2000,600,100,200,500,1100,200,400,3700,11400,2400
386.0,10.74,104900,1130183.0,10.73,10.71,10.7,10.68,10.67,10.65,10.64,10.63,10.62,10.6,10.74,10.75,10.76,10.77,10.78,10.8,10.81,10.85,10.86,10.87,2300,200,100,1400,400,2800,1900,300,3100,2000,600,100,200,500,1100,200,400,3700,11400,2400
387.0,10.73,105100,1132329.0,10.73,10.71,10.7,10.68,10.67,10.65,10.64,10.63,10.62,10.6,10.74,10.75,10.76,10.77,10.78,10.8,10.81,10.85,10.86,10.87,2100,200,100,1400,400,2800,1900,300,3100,2000,600,100,200,500,1100,200,400,3700,11400,2400
388.0,10.73,105100,1132329.0,10.73,10.71,10.68,10.67,10.65,10.64,10.63,10.62,10.6,10.59,10.74,10.75,10.76,10.77,10.78,10.8,10.81,10.85,10.86,10.87,2100,200,1400,400,2800,1900,300,3100,2000,2500,600,100,200,500,1100,200,400,3700,11400,2400
389.0,10.74,105200,1133403.0,10.73,10.71,10.68,10.67,10.65,10.64,10.63,10.62,10.6,10.59,10.74,10.75,10.76,10.77,10.78,10.8,10.81,10.85,10.86,10.87,2100,200,1400,400,2800,1900,300,3100,2000,2500,500,100,200,500,1100,200,400,3700,11400,2400
390.0,10.74,105200,1133403.0,10.73,10.71,10.68,10.67,10.65,10.64,10.63,10.62,10.6,10.59,10.74,10.75,10.76,10.77,10.78,10.8,10.81,10.85,10.86,10.87,2100,200,1400,400,2800,1900,300,3100,2000,2500,500,100,200,500,1100,200,400,3700,11400,2400
391.0,10.74,105200,1133403.0,10.73,10.71,10.68,10.67,10.65,10.64,10.63,10.62,10.6,10.59,10.74,10.75,10.76,10.77,10.78,10.8,10.81,10.85,10.86,10.87,2100,200,1400,400,2800,1900,300,3100,2000,2500,500,100,200,500,1100,200,400,3700,11400,2400
392.0,10.74,105200,1133403.0,10.73,10.71,10.68,10.67,10.65,10.64,10.63,10.62,10.6,10.59,10.74,10.75,10.76,10.77,10.78,10.8,10.81,10.85,10.86,10.87,2100,200,1400,400,2800,1900,300,3100,2000,2500,500,100,200,500,1100,200,400,3700,11400,2400
393.0,10.76,105900,1140924.0,10.75,10.73,10.71,10.68,10.67,10.65,10.64,10.63,10.62,10.6,10.76,10.77,10.78,10.8,10.81,10.85,10.86,10.87,10.88,10.89,1900,2100,200,1400,400,2800,1900,300,3100,2000,100,500,1100,200,400,3700,11400,2400,500,500
394.0,10.75,106000,1141999.0,10.75,10.73,10.71,10.68,10.67,10.65,10.64,10.63,10.62,10.6,10.76,10.77,10.78,10.8,10.81,10.85,10.86,10.87,10.88,10.89,1800,2100,200,1400,400,2800,1900,300,3100,2000,200,500,1100,200,400,3700,11400,2400,500,500
395.0,10.75,106000,1141999.0,10.75,10.73,10.71,10.68,10.67,10.65,10.64,10.63,10.62,10.6,10.76,10.77,10.78,10.8,10.81,10.85,10.86,10.87,10.88,10.89,1800,2100,200,1400,400,2800,1900,300,3100,2000,200,500,1100,200,400,3700,11400,2400,500,500
396.0,10.75,106000,1141999.0,10.75,10.73,10.71,10.68,10.67,10.65,10.64,10.63,10.62,10.6,10.76,10.77,10.78,10.8,10.81,10.85,10.86,10.87,10.88,10.89,1800,2100,200,1400,400,2800,1900,300,3100,2000,200,500,1100,200,400,3700,11400,2400,500,500
397.0,10.75,106000,1141999.0,10.75,10.73,10.71,10.68,10.67,10.65,10.64,10.63,10.62,10.6,10.76,10.77,10.78,10.8,10.81,10.85,10.86,10.87,10.88,10.89,1800,2100,200,1400,400,2800,1900,300,3100,2000,200,500,1100,200,400,3700,11400,2400,500,500
398.0,10.76,106100,1143075.0,10.75,10.73,10.71,10.68,10.67,10.65,10.64,10.63,10.62,10.6,10.76,10.77,10.78,10.8,10.81,10.85,10.86,10.87,10.88,10.89,1800,2100,200,1400,400,2800,1900,300,3100,2000,100,500,1100,200,400,3700,11400,2400,500,500
399.0,10.76,106100,1143075.0,10.75,10.73,10.71,10.68,10.67,10.65,10.64,10.63,10.62,10.6,10.76,10.77,10.78,10.8,10.81,10.85,10.86,10.87,10.88,10.89,1800,2100,200,1400,400,2800,1900,300,3100,2000,100,500,1100,200,400,3700,11400,2400,500,500
400.0,10.76,106100,1143075.0,10.75,10.73,10.71,10.68,10.67,10.65,10.64,10.63,10.62,10.6,10.76,10.77,10.78,10.8,10.81,10.85,10.86,10.87,10.88,10.89,1800,2100,200,1400,400,2800,1900,300,3100,2000,100,500,1100,200,400,3700,11400,2400,500,500
401.0,10.76,106100,1143075.0,10.76,10.75,10.73,10.71,10.68,10.67,10.65,10.64,10.63,10.62,10.77,10.78,10.8,10.81,10.85,10.86,10.87,10.88,10.89,10.9,100,1800,2100,200,2200,400,2800,1900,300,3100,500,1100,200,400,3700,11400,2400,500,500,10900
402.0,10.76,106100,1143075.0,10.76,10.75,10.73,10.71,10.68,10.67,10.65,10.64,10.63,10.62,10.77,10.78,10.8,10.81,10.85,10.86,10.87,10.88,10.89,10.9,200,1800,2100,200,2200,400,2800,1900,300,3100,400,1100,200,400,3700,11400,2400,500,500,10900
403.0,10.76,106100,1143075.0,10.76,10.75,10.73,10.71,10.68,10.67,10.65,10.64,10.63,10.62,10.77,10.78,10.8,10.81,10.85,10.86,10.87,10.88,10.89,10.9,200,1800,2100,200,2200,400,2800,1900,300,3100,400,1100,200,400,3700,11400,2400,500,500,10900
404.0,10.76,106100,1143075.0,10.76,10.75,10.73,10.71,10.68,10.67,10.65,10.64,10.63,10.62,10.77,10.78,10.8,10.81,10.85,10.86,10.87,10.88,10.89,10.9,200,1800,2100,200,2200,400,2800,1900,300,3100,400,1100,200,400,3700,11400,2400,500,500,10900
405.0,10.76,106100,1143075.0,10.76,10.75,10.73,10.71,10.68,10.67,10.65,10.64,10.63,10.62,10.77,10.78,10.8,10.81,10.85,10.86,10.87,10.88,10.89,10.9,200,1800,2100,200,2200,400,2800,1900,300,3100,400,1100,200,400,3700,11400,2400,500,500,10900
406.0,10.76,106100,1143075.0,10.76,10.75,10.73,10.71,10.68,10.67,10.65,10.64,10.63,10.62,10.77,10.78,10.8,10.81,10.85,10.86,10.87,10.88,10.89,10.9,200,1800,2100,200,2200,400,2800,1900,300,3100,400,1100,200,400,3700,11400,2400,500,500,10900
407.0,10.76,106100,1143075.0,10.76,10.75,10.73,10.71,10.68,10.67,10.65,10.64,10.63,10.62,10.77,10.78,10.8,10.81,10.85,10.86,10.87,10.88,10.89,10.9,200,1800,2100,200,2200,400,2800,1900,300,3100,400,1100,200,400,3700,11400,2400,500,500,10900
408.0,10.76,106100,1143075.0,10.76,10.75,10.73,10.71,10.68,10.67,10.65,10.64,10.63,10.62,10.77,10.78,10.8,10.81,10.85,10.86,10.87,10.88,10.89,10.9,200,1800,2100,200,2200,400,2800,1900,300,3100,400,1100,200,400,3700,11400,2400,500,500,10900
409.0,10.76,106100,1143075.0,10.76,10.75,10.73,10.71,10.68,10.67,10.65,10.64,10.63,10.62,10.77,10.78,10.8,10.81,10.85,10.86,10.87,10.88,10.89,10.9,200,1800,2100,200,2200,400,2800,1900,300,3100,400,1100,200,400,3700,11400,2400,500,500,10900
410.0,10.76,106100,1143075.0,10.76,10.75,10.73,10.71,10.68,10.67,10.65,10.64,10.63,10.62,10.77,10.78,10.8,10.81,10.85,10.86,10.87,10.88,10.89,10.9,200,1800,2100,200,2200,400,2800,1900,300,3100,400,1100,200,400,3700,11400,2400,500,500,10900
411.0,10.76,106100,1143075.0,10.76,10.75,10.73,10.71,10.68,10.67,10.65,10.64,10.63,10.62,10.77,10.78,10.8,10.81,10.85,10.86,10.87,10.88,10.89,10.9,200,1800,2100,200,2200,400,2800,1900,300,3100,400,1100,200,400,3700,11400,2400,500,500,10900
412.0,10.76,106100,1143075.0,10.76,10.75,10.73,10.71,10.68,10.67,10.65,10.64,10.63,10.62,10.77,10.78,10.8,10.81,10.85,10.86,10.87,10.88,10.89,10.9,200,1800,2100,200,2200,400,2800,1900,300,3100,400,1100,200,400,3700,11400,2400,500,500,10900
413.0,10.76,106100,1143075.0,10.76,10.75,10.71,10.68,10.67,10.65,10.64,10.63,10.62,10.6,10.77,10.78,10.8,10.81,10.85,10.86,10.87,10.88,10.89,10.9,200,1800,200,2200,400,2800,1900,300,3100,2000,400,1100,200,400,3700,11400,2400,500,500,10900
414.0,10.76,106100,1143075.0,10.76,10.75,10.71,10.68,10.67,10.65,10.64,10.63,10.62,10.6,10.77,10.78,10.8,10.81,10.85,10.86,10.87,10.88,10.89,10.9,200,1800,200,2200,400,2800,1900,300,3100,2000,400,1100,200,400,3700,11400,2400,500,500,10900
415.0,10.76,106100,1143075.0,10.76,10.75,10.71,10.68,10.67,10.65,10.64,10.63,10.62,10.6,10.77,10.78,10.8,10.81,10.85,10.86,10.87,10.88,10.89,10.9,200,1800,200,2200,400,2800,1900,300,3100,2000,400,1100,200,400,3700,11400,2400,500,500,10900
416.0,10.76,106100,1143075.0,10.76,10.75,10.71,10.68,10.67,10.65,10.64,10.63,10.62,10.6,10.77,10.78,10.8,10.81,10.85,10.86,10.87,10.88,10.89,10.9,200,1800,200,2200,400,2800,1900,300,3100,2000,400,1100,200,400,3700,11400,2400,500,500,10900
417.0,10.76,106100,1143075.0,10.76,10.75,10.71,10.68,10.67,10.65,10.64,10.63,10.62,10.6,10.77,10.78,10.8,10.81,10.85,10.86,10.87,10.88,10.89,10.9,200,1800,200,2200,400,2800,1900,300,3100,2000,400,1100,200,400,3700,11400,2400,500,500,10900
418.0,10.76,106100,1143075.0,10.76,10.75,10.71,10.68,10.67,10.65,10.64,10.63,10.62,10.6,10.77,10.78,10.8,10.81,10.85,10.86,10.87,10.88,10.89,10.9,200,1800,200,2200,400,2800,1900,300,3100,2000,400,1100,200,400,3700,11400,2400,500,500,10900
419.0,10.76,106100,1143075.0,10.76,10.75,10.71,10.68,10.67,10.65,10.64,10.63,10.62,10.6,10.77,10.78,10.8,10.81,10.85,10.86,10.87,10.88,10.89,10.9,200,1800,200,2200,400,2800,1900,300,3100,2000,400,1100,200,400,3700,11400,2400,500,500,10900
420.0,10.76,106100,1143075.0,10.76,10.75,10.71,10.68,10.67,10.65,10.64,10.63,10.62,10.6,10.77,10.78,10.8,10.81,10.85,10.86,10.87,10.88,10.89,10.9,200,1800,200,2200,400,2800,1900,300,3100,2000,400,1100,200,400,3700,11400,2400,500,500,10900
421.0,10.76,106300,1145227.0,10.75,10.71,10.68,10.67,10.65,10.64,10.63,10.62,10.6,10.59,10.76,10.77,10.78,10.8,10.81,10.85,10.86,10.87,10.88,10.89,1800,200,2200,400,2800,1900,300,3100,2000,2500,400,400,1100,200,400,3700,11400,2400,500,500
422.0,10.75,106400,1146302.0,10.75,10.71,10.68,10.67,10.65,10.64,10.63,10.62,10.6,10.59,10.76,10.77,10.78,10.8,10.81,10.85,10.86,10.87,10.88,10.89,1700,200,2200,400,2800,1900,300,3100,2000,2500,400,400,1100,200,400,3700,11400,2400,500,500
