LocalTime,LastPrice,TradeVolume,TradeValue,BidPrice1,BidPrice2,BidPrice3,BidPrice4,BidPrice5,BidPrice6,BidPrice7,BidPrice8,BidPrice9,BidPriceA,AskPrice1,AskPrice2,AskPrice3,AskPrice4,AskPrice5,AskPrice6,AskPrice7,AskPrice8,AskPrice9,AskPriceA,BidVolume1,BidVolume2,BidVolume3,BidVolume4,BidVolume5,BidVolume6,BidVolume7,BidVolume8,BidVolume9,BidVolumeA,AskVolume1,AskVolume2,AskVolume3,AskVolume4,AskVolume5,AskVolume6,AskVolume7,AskVolume8,AskVolume9,AskVolumeA
0.0,28.18,200,5636.0,28.22,28.2,28.19,28.18,28.17,28.13,28.1,28.0,27.85,27.82,28.38,28.51,28.62,28.88,28.89,28.91,28.94,28.97,28.98,28.99,500,2300,300,3100,300,200,1000,1500,100,200,3700,3700,1000,500,5200,900,100,200,10700,100
1.0,28.18,200,5636.0,28.22,28.2,28.19,28.18,28.17,28.13,28.1,28.0,27.85,27.82,28.38,28.51,28.62,28.88,28.89,28.91,28.94,28.97,28.98,28.99,500,2300,300,3100,1000,200,1000,1500,100,200,3700,3700,1000,10500,5200,900,100,200,10700,100
2.0,28.18,200,5636.0,28.22,28.2,28.18,28.17,28.13,28.1,28.0,27.85,27.82,27.81,28.38,28.51,28.62,28.88,28.89,28.91,28.94,28.97,28.98,28.99,500,2300,2800,1000,200,1000,1500,100,200,200,3700,3700,1000,10500,5200,900,100,800,10700,100
3.0,28.18,200,5636.0,28.22,28.2,28.19,28.18,28.17,28.13,28.1,28.0,27.85,27.82,28.35,28.38,28.51,28.62,28.88,28.89,28.91,28.94,28.97,28.98,500,2300,2000,2600,1000,200,1000,1300,100,200,1000,3700,3700,1000,10500,5200,900,100,800,10700
4.0,28.18,200,5636.0,28.22,28.2,28.19,28.18,28.17,28.13,28.1,28.0,27.87,27.85,28.35,28.38,28.51,28.58,28.88,28.89,28.91,28.94,28.97,28.98,1500,2300,2000,2600,1000,200,1000,1500,500,100,1000,3700,3700,6400,10800,5200,900,100,800,10700
5.0,28.22,500,14102.0,28.22,28.2,28.19,28.18,28.17,28.15,28.13,28.1,28.0,27.93,28.35,28.38,28.51,28.58,28.88,28.89,28.91,28.94,28.97,28.98,1200,2300,2000,2600,1000,1000,200,1000,1700,500,1000,3700,3700,6400,10800,5200,900,100,900,10700
6.0,28.22,500,14102.0,28.22,28.2,28.19,28.18,28.17,28.15,28.13,28.1,28.0,27.93,28.35,28.38,28.51,28.58,28.8,28.88,28.89,28.91,28.94,28.97,1200,2300,2000,2600,1000,1000,200,1000,1700,500,1300,3700,3700,10800,1000,10800,5200,900,100,900
7.0,28.22,500,14102.0,28.22,28.21,28.2,28.19,28.18,28.17,28.15,28.13,28.1,28.08,28.35,28.38,28.5,28.51,28.58,28.8,28.88,28.89,28.91,28.94,1200,200,2300,2000,2600,1000,1000,200,1000,1000,1300,3700,100,3700,10800,1000,10800,5200,900,100
8.0,28.22,500,14102.0,28.22,28.21,28.2,28.19,28.18,28.17,28.15,28.13,28.1,28.08,28.35,28.38,28.5,28.51,28.58,28.8,28.88,28.89,28.91,28.94,1200,200,2300,2000,2600,1000,1000,200,1000,1000,1300,3700,100,3700,10800,1000,10800,5200,900,100
9.0,28.22,600,16924.0,28.22,28.21,28.2,28.19,28.18,28.17,28.15,28.13,28.1,28.08,28.35,28.38,28.5,28.51,28.58,28.8,28.88,28.89,28.91,28.94,1100,200,2300,2000,2600,1000,1000,200,1000,1000,1300,3700,100,3700,10800,1000,11500,5200,900,100
10.0,28.22,1000,28212.0,28.22,28.21,28.2,28.19,28.18,28.17,28.15,28.13,28.1,28.08,28.35,28.38,28.5,28.51,28.58,28.8,28.87,28.88,28.89,28.91,700,200,2300,2000,2600,1000,1000,200,1000,1000,1300,3700,100,3700,10800,1000,800,11500,5200,900
11.0,28.22,1200,33856.0,28.22,28.21,28.2,28.19,28.18,28.17,28.15,28.13,28.1,28.08,28.35,28.38,28.5,28.51,28.58,28.8,28.87,28.88,28.89,28.91,500,200,2300,2000,2600,1000,1000,200,1000,1000,1300,3700,100,3700,10800,1000,800,11500,5200,900
12.0,28.35,1600,45196.0,28.22,28.21,28.2,28.19,28.18,28.17,28.15,28.13,28.1,28.08,28.35,28.38,28.5,28.51,28.58,28.8,28.87,28.88,28.89,28.91,500,200,2300,2000,2600,1000,1000,200,1000,1000,900,3700,100,3700,10800,1000,800,11500,5200,900
13.0,28.22,2200,62128.0,28.21,28.2,28.19,28.18,28.17,28.15,28.13,28.1,28.08,28.0,28.22,28.35,28.38,28.5,28.51,28.58,28.8,28.87,28.88,28.89,200,2300,2000,2600,1000,1000,200,1000,1000,1700,900,900,3700,100,3700,10800,1000,800,11500,5200
14.0,28.22,3300,93168.0,28.22,28.2,28.19,28.18,28.17,28.15,28.13,28.1,28.08,28.0,28.34,28.35,28.38,28.5,28.51,28.58,28.8,28.87,28.88,28.89,1000,2300,2000,2600,1000,1000,200,1000,1000,1700,600,900,3700,100,3700,10800,1000,800,11500,5200
15.0,28.22,3400,95990.0,28.22,28.2,28.19,28.18,28.17,28.15,28.13,28.1,28.08,28.04,28.34,28.35,28.38,28.5,28.51,28.58,28.8,28.87,28.88,28.89,3200,2300,2000,2600,1000,1000,200,1000,1000,1100,800,900,3700,100,3700,10800,1000,800,11500,5200
16.0,28.22,3400,95990.0,28.22,28.2,28.19,28.18,28.17,28.15,28.13,28.1,28.08,28.04,28.34,28.35,28.38,28.5,28.51,28.58,28.8,28.87,28.88,28.89,3200,2300,2000,2600,1000,1000,200,1000,1000,1100,800,900,3700,100,3700,10800,1000,800,11500,5200
17.0,28.22,3400,95990.0,28.23,28.22,28.2,28.19,28.18,28.17,28.15,28.13,28.1,28.08,28.34,28.35,28.38,28.5,28.51,28.58,28.8,28.87,28.88,28.89,100,3300,2300,2000,2600,1000,1000,200,1000,1000,900,900,3700,100,3700,10800,1000,800,11500,5200
18.0,28.22,3400,95990.0,28.23,28.22,28.2,28.19,28.18,28.17,28.15,28.13,28.1,28.08,28.34,28.35,28.38,28.5,28.51,28.58,28.8,28.87,28.88,28.89,100,3100,2300,2000,2600,1000,1000,200,1000,1000,900,900,3700,100,3700,10800,1000,800,11500,5200
19.0,28.22,8600,242857.0,28.23,28.22,28.21,28.2,28.19,28.18,28.17,28.15,28.13,28.1,28.35,28.38,28.5,28.51,28.58,28.8,28.87,28.88,28.89,28.91,200,200,100,2400,2000,2600,1000,1000,200,1000,800,3700,100,3700,10800,1000,800,11500,5200,900
20.0,28.22,8600,242857.0,28.23,28.22,28.21,28.2,28.19,28.18,28.17,28.15,28.13,28.1,28.35,28.38,28.5,28.51,28.58,28.8,28.87,28.88,28.89,28.91,200,200,100,2400,2000,2600,1000,1000,200,1000,800,3700,100,3700,10800,1000,800,11500,5200,900
21.0,28.22,8600,242857.0,28.23,28.22,28.21,28.2,28.19,28.18,28.17,28.15,28.13,28.1,28.35,28.38,28.5,28.51,28.58,28.8,28.87,28.88,28.89,28.91,200,200,100,2400,2000,2600,1000,1000,200,1000,800,3700,100,3700,10800,1000,800,11500,5200,900
22.0,28.22,8600,242857.0,28.23,28.22,28.21,28.2,28.19,28.18,28.17,28.15,28.13,28.1,28.35,28.38,28.5,28.51,28.58,28.8,28.87,28.88,28.89,28.91,200,200,100,2400,2000,2600,1000,1000,200,1000,800,3700,100,3700,10800,1000,800,11500,5200,900
23.0,28.35,10300,290861.0,28.25,28.23,28.22,28.21,28.2,28.19,28.18,28.17,28.15,28.13,28.35,28.38,28.5,28.51,28.58,28.8,28.87,28.88,28.89,28.91,400,200,100,100,2400,2000,2600,1000,1000,200,600,3700,100,3700,10800,1000,800,11500,5200,900
24.0,28.35,10300,290861.0,28.25,28.23,28.22,28.21,28.2,28.19,28.18,28.17,28.15,28.13,28.34,28.35,28.38,28.5,28.51,28.58,28.8,28.87,28.88,28.89,400,200,100,100,2400,2000,2600,1000,1000,200,900,600,3700,100,3700,10800,1000,800,11500,5200
25.0,28.35,10300,290861.0,28.25,28.23,28.22,28.21,28.2,28.19,28.18,28.17,28.15,28.13,28.34,28.35,28.38,28.5,28.51,28.58,28.8,28.87,28.88,28.89,400,200,100,100,2400,2000,2600,1000,1000,200,900,600,3700,100,3700,10800,1000,800,11500,5200
26.0,28.35,10300,290861.0,28.25,28.23,28.22,28.21,28.2,28.19,28.18,28.17,28.15,28.13,28.34,28.35,28.38,28.5,28.51,28.58,28.8,28.87,28.88,28.89,400,200,100,100,2400,2000,2600,1000,1000,200,900,600,3700,100,3700,10800,1000,800,11500,5200
27.0,28.35,10300,290861.0,28.25,28.23,28.22,28.21,28.2,28.19,28.18,28.17,28.15,28.13,28.34,28.35,28.38,28.5,28.51,28.58,28.8,28.87,28.88,28.89,400,200,100,100,2400,2000,2600,1000,1000,200,900,600,3700,100,3700,10800,1000,800,11500,5200
28.0,28.35,10300,290861.0,28.25,28.23,28.22,28.21,28.2,28.19,28.18,28.17,28.15,28.13,28.34,28.35,28.38,28.5,28.51,28.58,28.8,28.87,28.88,28.89,200,200,100,100,2400,2000,2600,1000,1000,200,900,600,3700,100,3700,10800,1000,800,11500,5200
29.0,28.35,10300,290861.0,28.25,28.23,28.22,28.21,28.2,28.19,28.18,28.17,28.15,28.13,28.34,28.35,28.38,28.5,28.51,28.58,28.8,28.87,28.88,28.89,200,200,100,100,2400,2000,2600,1000,1000,200,900,600,3700,100,3700,10800,1000,800,11500,5200
30.0,28.35,10300,290861.0,28.25,28.23,28.22,28.21,28.2,28.19,28.18,28.17,28.15,28.13,28.34,28.35,28.38,28.5,28.51,28.58,28.8,28.87,28.88,28.89,200,200,100,100,2400,2000,2600,1000,1000,200,900,600,3700,100,3700,10800,1000,800,11500,5200
31.0,28.35,10300,290861.0,28.25,28.23,28.22,28.21,28.2,28.19,28.18,28.17,28.15,28.13,28.34,28.35,28.38,28.5,28.51,28.58,28.8,28.87,28.88,28.89,200,200,100,100,2400,2000,2600,1000,1000,200,900,600,3700,100,3700,10800,1000,800,11500,5200
32.0,28.35,10300,290861.0,28.25,28.23,28.22,28.21,28.2,28.19,28.18,28.17,28.15,28.13,28.34,28.35,28.38,28.5,28.51,28.58,28.8,28.87,28.88,28.89,200,200,100,100,2400,2000,2600,1000,1000,200,900,600,3700,100,3700,10800,1000,800,11500,5200
33.0,28.35,10300,290861.0,28.25,28.23,28.22,28.21,28.2,28.19,28.18,28.17,28.15,28.13,28.34,28.35,28.38,28.5,28.51,28.58,28.8,28.87,28.88,28.89,200,200,100,100,2400,2000,2600,1000,1000,200,900,600,3700,100,3700,10800,1000,800,11500,5200
34.0,28.35,10300,290861.0,28.25,28.23,28.22,28.21,28.2,28.19,28.18,28.17,28.15,28.13,28.34,28.35,28.38,28.5,28.51,28.58,28.8,28.87,28.88,28.89,200,200,100,100,2400,2000,2600,1000,1000,200,900,600,3700,100,3700,10800,1000,800,11500,5200
35.0,28.35,10300,290861.0,28.25,28.23,28.22,28.21,28.2,28.19,28.18,28.17,28.15,28.13,28.34,28.35,28.38,28.5,28.51,28.58,28.8,28.87,28.88,28.89,200,200,100,100,2400,2000,2600,1000,1000,200,900,600,3700,100,3700,10800,1000,800,11500,5200
36.0,28.35,10300,290861.0,28.25,28.23,28.22,28.21,28.2,28.19,28.18,28.17,28.15,28.13,28.34,28.35,28.38,28.5,28.51,28.58,28.8,28.87,28.88,28.89,200,200,100,100,2400,2000,2600,1000,1000,200,900,600,3700,100,3700,10800,1000,800,11500,5200
37.0,28.35,10300,290861.0,28.23,28.22,28.21,28.2,28.19,28.18,28.17,28.15,28.13,28.1,28.34,28.35,28.38,28.5,28.51,28.58,28.8,28.87,28.88,28.89,200,100,100,2400,2000,2600,1000,1000,200,1000,900,700,3700,100,3700,10800,1000,800,11500,5200
38.0,28.35,10300,290861.0,28.23,28.22,28.21,28.2,28.19,28.18,28.17,28.15,28.13,28.1,28.34,28.35,28.38,28.5,28.51,28.58,28.8,28.87,28.88,28.89,200,100,100,2400,2000,2600,1000,1000,200,1000,900,700,3700,100,3700,10800,1000,800,11500,5200
39.0,28.35,10300,290861.0,28.22,28.21,28.2,28.19,28.18,28.17,28.15,28.13,28.1,28.08,28.34,28.35,28.38,28.5,28.51,28.58,28.8,28.87,28.88,28.89,100,100,2400,2000,2600,1000,1000,200,1000,1000,900,1600,3700,100,3700,10800,1000,800,11500,5200
40.0,28.35,10300,290861.0,28.22,28.21,28.2,28.19,28.18,28.17,28.15,28.13,28.1,28.08,28.34,28.35,28.38,28.5,28.51,28.58,28.8,28.87,28.88,28.89,100,100,2400,2000,2600,1000,1000,200,1000,1000,900,1600,3700,100,3700,10800,1000,800,11500,5200
41.0,28.35,10300,290861.0,28.22,28.21,28.2,28.19,28.18,28.17,28.15,28.13,28.1,28.08,28.34,28.35,28.38,28.5,28.51,28.58,28.8,28.87,28.88,28.89,100,100,2400,2000,2600,1000,1000,200,1000,1000,900,1600,3700,100,3700,10800,1000,800,11500,5200
42.0,28.35,10300,290861.0,28.22,28.21,28.2,28.19,28.18,28.17,28.15,28.13,28.1,28.08,28.34,28.35,28.38,28.5,28.51,28.58,28.8,28.87,28.88,28.89,100,100,2400,2000,2600,1000,1000,200,1000,1000,900,1600,3700,100,3700,10800,1000,800,11500,5200
43.0,28.35,10300,290861.0,28.22,28.21,28.2,28.19,28.18,28.17,28.15,28.13,28.1,28.08,28.34,28.35,28.38,28.5,28.51,28.58,28.8,28.87,28.88,28.89,100,100,2400,2000,2600,1000,1000,200,1000,1000,900,1600,3700,100,3700,10800,1000,800,11500,5200
44.0,28.35,10300,290861.0,28.22,28.21,28.2,28.19,28.18,28.17,28.15,28.13,28.1,28.08,28.34,28.35,28.38,28.5,28.51,28.58,28.8,28.87,28.88,28.89,100,100,2400,2000,2600,1000,1000,200,1000,1000,900,1600,3700,100,3700,10800,1000,800,11500,5200
45.0,28.35,10300,290861.0,28.22,28.21,28.2,28.19,28.18,28.17,28.15,28.13,28.1,28.08,28.34,28.35,28.38,28.5,28.51,28.58,28.8,28.87,28.88,28.89,100,1600,2400,2000,2600,1000,1000,200,1000,1000,900,1600,3700,100,3700,10800,1000,800,11500,5200
46.0,28.35,10300,290861.0,28.22,28.21,28.2,28.19,28.18,28.17,28.15,28.13,28.1,28.08,28.34,28.35,28.38,28.5,28.51,28.58,28.8,28.87,28.88,28.89,100,1600,2400,2000,2600,1000,1000,200,1000,1000,900,1600,3700,100,3700,10800,1000,800,11500,5200
47.0,28.35,10300,290861.0,28.22,28.21,28.2,28.19,28.18,28.17,28.15,28.13,28.1,28.08,28.34,28.35,28.38,28.5,28.51,28.58,28.8,28.87,28.88,28.89,100,1600,2400,2000,2600,1000,1000,200,1000,1000,900,1600,3700,100,3700,10800,1000,800,11500,5200
48.0,28.35,10300,290861.0,28.22,28.21,28.2,28.19,28.18,28.17,28.15,28.13,28.1,28.08,28.34,28.35,28.38,28.5,28.51,28.58,28.8,28.87,28.88,28.89,100,1600,2400,2000,2600,1000,1000,200,1000,1000,900,1600,3700,100,3700,10800,1000,800,11500,5200
49.0,28.35,10300,290861.0,28.22,28.21,28.2,28.19,28.18,28.17,28.15,28.13,28.1,28.08,28.34,28.35,28.38,28.5,28.51,28.58,28.8,28.87,28.88,28.89,500,1600,2400,2000,2600,1000,1000,200,1000,1000,900,1600,3700,100,3700,10800,1000,800,11500,5200
50.0,28.35,10300,290861.0,28.22,28.21,28.2,28.19,28.18,28.17,28.15,28.13,28.1,28.08,28.34,28.35,28.38,28.5,28.51,28.58,28.8,28.87,28.88,28.89,500,1600,2400,2000,2600,1000,1000,200,1000,1000,900,1600,3700,100,3700,10800,1000,800,11500,5200
51.0,28.35,10300,290861.0,28.22,28.21,28.2,28.19,28.18,28.17,28.15,28.13,28.1,28.08,28.34,28.35,28.38,28.5,28.51,28.58,28.8,28.87,28.88,28.89,500,1600,2400,2000,2600,1000,1000,200,1000,1000,900,1600,3700,100,3700,10800,1000,800,11500,5200
52.0,28.35,10300,290861.0,28.22,28.21,28.2,28.19,28.18,28.17,28.15,28.13,28.1,28.08,28.34,28.35,28.38,28.5,28.51,28.58,28.8,28.87,28.88,28.89,600,1600,2400,2000,2600,1000,1000,200,1000,1000,900,1600,3700,100,3700,10800,1000,800,11500,5200
53.0,28.22,10400,293683.0,28.22,28.21,28.2,28.19,28.18,28.17,28.15,28.13,28.1,28.08,28.34,28.35,28.38,28.5,28.51,28.58,28.8,28.87,28.88,28.89,500,1600,2400,2000,2600,1000,1000,200,1000,1000,900,1600,3700,100,3700,10800,1000,800,11500,5200
54.0,28.22,10400,293683.0,28.22,28.21,28.2,28.19,28.18,28.17,28.15,28.13,28.1,28.08,28.34,28.35,28.38,28.5,28.51,28.58,28.8,28.87,28.88,28.89,500,1600,2400,2000,2600,1000,1000,200,1000,1000,900,1600,3700,100,3700,10800,1000,800,11500,5200
55.0,28.22,10400,293683.0,28.22,28.21,28.2,28.19,28.18,28.17,28.15,28.13,28.1,28.08,28.34,28.35,28.38,28.5,28.51,28.58,28.8,28.87,28.88,28.89,500,1600,2400,2000,2600,1000,1000,200,1000,1000,900,1600,3700,100,3700,10800,1000,800,11500,5200
56.0,28.22,10400,293683.0,28.22,28.21,28.2,28.19,28.18,28.17,28.15,28.13,28.1,28.08,28.34,28.35,28.38,28.5,28.51,28.58,28.8,28.87,28.88,28.89,500,1600,2400,2000,2600,1000,1000,200,1000,1000,900,1600,3700,100,3700,10800,1000,800,11500,5200
57.0,28.22,10400,293683.0,28.22,28.21,28.2,28.19,28.18,28.17,28.15,28.13,28.1,28.08,28.34,28.35,28.38,28.5,28.51,28.58,28.8,28.87,28.88,28.89,500,1600,2400,2000,2600,1000,1000,200,1000,1000,900,1600,3700,100,3700,10800,1000,800,11500,5200
58.0,28.22,10400,293683.0,28.22,28.21,28.2,28.19,28.18,28.17,28.15,28.13,28.1,28.08,28.34,28.35,28.38,28.5,28.51,28.58,28.8,28.87,28.88,28.89,500,1600,2400,2000,2600,1000,1000,200,1000,1000,900,1600,3700,100,3700,10800,1000,800,11500,5200
59.0,28.22,10400,293683.0,28.22,28.21,28.2,28.19,28.18,28.17,28.15,28.13,28.1,28.08,28.34,28.35,28.38,28.5,28.51,28.58,28.8,28.87,28.88,28.89,500,1600,2400,2000,2600,1000,1000,200,1000,1000,900,1600,3700,100,3700,10800,1000,800,11500,5200
60.0,28.22,10400,293683.0,28.22,28.21,28.2,28.19,28.18,28.17,28.15,28.13,28.1,28.08,28.34,28.35,28.38,28.5,28.51,28.58,28.8,28.87,28.88,28.89,500,1600,2400,2000,2600,1000,1000,200,1000,1000,900,1600,3700,100,3700,10800,1000,800,11500,5200
61.0,28.22,10400,293683.0,28.24,28.23,28.22,28.21,28.2,28.19,28.18,28.17,28.15,28.13,28.34,28.35,28.38,28.5,28.51,28.58,28.8,28.87,28.88,28.89,600,200,1600,1600,2400,2000,2600,1000,1000,200,900,1600,3700,100,3700,10800,1000,800,11500,5200
62.0,28.22,10400,293683.0,28.24,28.23,28.22,28.21,28.2,28.19,28.18,28.17,28.15,28.13,28.34,28.35,28.38,28.5,28.51,28.58,28.8,28.87,28.88,28.89,600,200,1600,1600,2400,2000,2600,1000,1000,200,900,1600,3700,100,3700,10800,1000,800,11500,5200
63.0,28.22,10400,293683.0,28.26,28.25,28.22,28.21,28.2,28.19,28.18,28.17,28.15,28.13,28.34,28.35,28.38,28.5,28.51,28.58,28.8,28.87,28.88,28.89,600,600,1600,1600,2400,2000,2600,1000,1000,200,900,1600,3700,100,3700,10800,1000,800,11500,5200
64.0,28.34,11300,319189.0,28.34,28.28,28.27,28.26,28.22,28.21,28.2,28.19,28.18,28.17,28.35,28.38,28.5,28.51,28.58,28.8,28.87,28.88,28.89,28.91,300,600,200,1800,1300,1600,2400,2000,2600,1000,1600,3700,100,3700,10800,1000,800,11500,5200,900
65.0,28.35,12300,347539.0,28.34,28.28,28.26,28.22,28.21,28.2,28.19,28.18,28.17,28.15,28.35,28.38,28.5,28.51,28.58,28.8,28.87,28.88,28.89,28.91,300,600,1200,1200,1600,2400,2000,2600,1000,1000,600,3700,100,3700,10800,1000,800,11500,5200,900
66.0,28.35,12300,347539.0,28.34,28.26,28.22,28.21,28.2,28.19,28.18,28.17,28.15,28.13,28.35,28.38,28.5,28.51,28.58,28.8,28.87,28.88,28.89,28.91,300,1200,1200,1600,2400,2000,2600,1000,1000,200,600,3700,100,3700,10800,1000,800,11500,5200,900
67.0,28.35,12300,347539.0,28.34,28.26,28.22,28.21,28.2,28.19,28.18,28.17,28.15,28.13,28.35,28.38,28.5,28.51,28.58,28.8,28.87,28.88,28.89,28.91,300,1600,800,1500,2300,2000,2600,1000,1000,200,600,3700,100,3700,10800,1000,800,11500,5200,900
68.0,28.34,12600,356041.0,28.26,28.22,28.21,28.2,28.19,28.18,28.17,28.15,28.13,28.1,28.34,28.35,28.38,28.5,28.51,28.58,28.8,28.87,28.88,28.89,1600,800,1500,2300,2000,2600,1000,1000,200,1000,600,800,3700,100,3700,10800,1000,800,11500,5200
69.0,28.34,12600,356041.0,28.26,28.22,28.21,28.2,28.19,28.18,28.17,28.15,28.13,28.1,28.34,28.35,28.38,28.5,28.51,28.58,28.8,28.87,28.88,28.89,1600,800,1500,2300,2000,2600,1000,1000,200,1000,600,800,3700,100,3700,10800,1000,800,11500,5200
70.0,28.34,12600,356041.0,28.26,28.22,28.21,28.2,28.19,28.18,28.17,28.15,28.13,28.1,28.34,28.35,28.38,28.5,28.51,28.58,28.8,28.87,28.88,28.89,1600,1000,1500,2300,2000,2600,1000,1000,200,1000,600,800,3700,100,3700,10800,1000,800,11500,5200
71.0,28.34,12600,356041.0,28.26,28.22,28.21,28.2,28.19,28.18,28.17,28.15,28.13,28.1,28.34,28.35,28.38,28.5,28.51,28.58,28.8,28.87,28.88,28.89,1600,1000,1500,2300,2000,2600,1000,1000,200,1000,600,600,3700,100,3700,10800,1000,800,11500,5200
72.0,28.34,12600,356041.0,28.26,28.22,28.21,28.2,28.19,28.18,28.17,28.15,28.13,28.1,28.34,28.35,28.38,28.5,28.51,28.58,28.8,28.87,28.88,28.89,1600,1000,1500,2300,2000,2600,1000,1000,200,1000,600,600,3700,100,3700,10800,1000,800,11500,5200
73.0,28.26,12700,358867.0,28.26,28.22,28.21,28.2,28.19,28.18,28.17,28.15,28.13,28.1,28.34,28.35,28.38,28.5,28.51,28.58,28.8,28.87,28.88,28.89,1500,1000,1500,2300,2000,2600,1000,1000,200,1000,600,600,3700,100,3700,10800,1000,800,11500,5200
74.0,28.26,12700,358867.0,28.26,28.22,28.21,28.2,28.19,28.18,28.17,28.15,28.13,28.1,28.34,28.35,28.38,28.5,28.51,28.58,28.8,28.87,28.88,28.89,1900,1000,1500,2300,2000,2600,1000,1500,200,1000,700,600,3700,100,3700,10800,1000,800,11500,5200
75.0,28.26,12700,358867.0,28.26,28.22,28.21,28.2,28.19,28.18,28.17,28.15,28.13,28.1,28.34,28.35,28.38,28.5,28.51,28.58,28.8,28.87,28.88,28.89,1900,1000,1500,2300,2000,2600,1000,1500,200,1000,700,600,3700,100,3700,10800,1000,800,11500,5200
76.0,28.26,12700,358867.0,28.26,28.22,28.21,28.2,28.19,28.18,28.17,28.15,28.13,28.1,28.34,28.35,28.38,28.5,28.51,28.58,28.8,28.87,28.88,28.89,1900,1000,1500,2300,2000,2600,1000,1500,200,1000,700,600,3700,100,3700,10800,1000,800,11500,5200
77.0,28.26,12700,358867.0,28.26,28.22,28.21,28.2,28.19,28.18,28.17,28.15,28.13,28.1,28.34,28.35,28.38,28.5,28.51,28.58,28.8,28.87,28.88,28.89,1900,1000,1500,2300,2000,2600,1000,1500,200,1000,700,600,3700,3700,3700,10800,1000,800,11500,5200
78.0,28.26,12700,358867.0,28.26,28.22,28.21,28.2,28.19,28.18,28.17,28.15,28.13,28.1,28.34,28.35,28.38,28.5,28.51,28.58,28.8,28.87,28.88,28.89,1900,1000,1500,2300,2000,2600,1000,1500,200,1000,700,600,3700,3700,3700,10800,1000,800,11500,5200
79.0,28.26,12700,358867.0,28.26,28.22,28.21,28.2,28.19,28.18,28.17,28.15,28.13,28.1,28.34,28.35,28.38,28.5,28.51,28.58,28.8,28.87,28.88,28.89,2300,1000,1500,2300,2000,2600,1000,1500,200,1000,700,600,3700,3700,3700,10800,1000,800,11500,5200
80.0,28.26,12900,364519.0,28.26,28.22,28.21,28.2,28.19,28.18,28.17,28.15,28.13,28.1,28.33,28.34,28.35,28.38,28.5,28.51,28.58,28.8,28.87,28.88,2200,1000,1500,2300,2000,2600,1000,1500,200,1000,1100,700,600,3700,3700,3700,10800,1000,800,11500
81.0,28.26,13000,367345.0,28.26,28.22,28.21,28.2,28.19,28.18,28.17,28.15,28.13,28.1,28.31,28.33,28.34,28.35,28.38,28.5,28.51,28.58,28.8,28.87,2100,1000,1500,2300,2000,2600,1000,1500,200,1000,200,1200,700,600,3700,3700,3700,10800,1000,800
82.0,28.26,13000,367345.0,28.26,28.22,28.21,28.2,28.19,28.18,28.17,28.15,28.13,28.1,28.31,28.33,28.34,28.35,28.38,28.5,28.51,28.58,28.8,28.87,2100,1000,1500,2300,2000,2600,1000,1500,200,1000,200,1200,700,600,3700,3700,3700,10800,1000,800
83.0,28.26,13000,367345.0,28.26,28.22,28.21,28.2,28.19,28.18,28.17,28.15,28.13,28.1,28.31,28.33,28.34,28.35,28.38,28.5,28.51,28.58,28.8,28.87,2100,1000,1500,2300,2000,2600,1000,1500,200,1000,400,1200,600,600,3700,3700,3700,10800,1000,800
84.0,28.26,13000,367345.0,28.26,28.22,28.21,28.2,28.19,28.18,28.17,28.15,28.13,28.1,28.31,28.33,28.34,28.35,28.38,28.5,28.51,28.58,28.8,28.87,2100,1100,1500,2300,2000,2600,1000,1500,200,1000,400,1200,600,600,3700,3700,3700,10800,1000,800
85.0,28.26,13000,367345.0,28.26,28.22,28.21,28.2,28.19,28.18,28.17,28.15,28.13,28.1,28.31,28.33,28.34,28.35,28.38,28.5,28.51,28.58,28.8,28.87,2100,1100,1500,2300,2000,2600,1000,1500,200,1000,400,1200,600,600,3700,3700,3700,10800,1000,800
86.0,28.26,13000,367345.0,28.26,28.22,28.21,28.2,28.19,28.18,28.17,28.15,28.13,28.1,28.31,28.33,28.34,28.35,28.38,28.5,28.51,28.58,28.8,28.87,2100,1100,1500,2300,2000,2600,1000,1500,200,1000,400,1200,600,600,3700,3700,3700,10800,1000,800
87.0,28.26,13800,389953.0,28.26,28.22,28.21,28.2,28.19,28.18,28.17,28.15,28.13,28.1,28.31,28.33,28.34,28.35,28.38,28.5,28.51,28.58,28.8,28.87,1300,1100,1500,2300,2000,2600,1000,1500,200,1000,400,1200,600,600,3700,3700,3700,10800,1000,800
88.0,28.26,13900,392779.0,28.26,28.22,28.21,28.2,28.19,28.18,28.17,28.15,28.13,28.1,28.31,28.33,28.34,28.35,28.38,28.5,28.51,28.58,28.8,28.87,1200,1100,1500,2300,2000,2600,1000,1500,200,1000,400,1200,600,600,3700,3700,3700,10800,1000,800
89.0,28.26,15300,432343.0,28.22,28.21,28.2,28.19,28.18,28.17,28.15,28.13,28.1,28.08,28.26,28.31,28.33,28.34,28.35,28.38,28.5,28.51,28.58,28.8,1100,1500,2300,2000,2600,1000,1500,200,1000,1000,1300,400,1200,600,600,3700,3700,3700,10800,1000
90.0,28.26,15400,435169.0,28.22,28.21,28.2,28.19,28.18,28.17,28.15,28.13,28.1,28.08,28.26,28.31,28.33,28.34,28.35,28.38,28.5,28.51,28.58,28.8,1100,1500,2300,2000,2600,1000,1500,200,1000,1000,1200,400,1200,600,600,3700,3700,3700,10800,1000
91.0,28.26,15400,435169.0,28.22,28.21,28.2,28.19,28.18,28.17,28.15,28.13,28.1,28.08,28.26,28.31,28.33,28.34,28.35,28.38,28.5,28.51,28.58,28.8,1100,1500,2300,2000,2600,1000,1500,200,1000,1000,1200,400,1200,600,600,3700,3700,3700,10800,1000
92.0,28.26,15400,435169.0,28.22,28.21,28.2,28.19,28.18,28.17,28.15,28.13,28.1,28.08,28.26,28.31,28.33,28.34,28.35,28.38,28.5,28.51,28.58,28.8,1100,1500,2300,2000,2600,1000,1500,200,1000,1000,1200,200,1200,600,600,3700,3700,3700,10800,1000
93.0,28.26,15500,437995.0,28.22,28.21,28.2,28.19,28.18,28.17,28.15,28.13,28.1,28.08,28.26,28.31,28.33,28.34,28.35,28.38,28.5,28.51,28.58,28.8,1100,1500,2300,2000,2600,1000,1500,200,1000,1000,1100,200,1200,600,600,3700,3700,3700,10800,1000
94.0,28.27,17000,480389.0,28.22,28.21,28.2,28.19,28.18,28.17,28.15,28.13,28.1,28.08,28.27,28.31,28.33,28.34,28.35,28.38,28.5,28.51,28.58,28.8,1100,1500,2300,2000,2600,1000,1500,200,1000,1000,300,200,1200,600,600,3700,3700,3700,10800,1000
95.0,28.22,17100,483211.0,28.22,28.21,28.2,28.19,28.18,28.17,28.15,28.13,28.1,28.08,28.25,28.26,28.27,28.3,28.31,28.33,28.34,28.35,28.38,28.5,1000,1500,2300,2000,2600,1000,1500,200,1000,1000,200,200,400,900,1100,1200,600,600,3700,3700
96.0,28.22,17100,483211.0,28.22,28.21,28.2,28.19,28.18,28.17,28.15,28.13,28.1,28.08,28.25,28.26,28.27,28.3,28.31,28.33,28.34,28.35,28.38,28.5,1000,1500,2300,2000,2600,1000,1500,200,1000,1000,200,200,400,900,1100,1200,600,600,3700,3700
97.0,28.22,17100,483211.0,28.22,28.21,28.2,28.19,28.18,28.17,28.15,28.13,28.1,28.08,28.25,28.26,28.27,28.3,28.31,28.33,28.34,28.35,28.38,28.5,500,1500,2300,2000,2600,1000,1500,200,1000,1000,200,200,400,900,1100,1200,600,600,3700,3700
98.0,28.22,17100,483211.0,28.22,28.21,28.2,28.19,28.18,28.17,28.15,28.13,28.1,28.08,28.25,28.26,28.27,28.3,28.31,28.33,28.34,28.35,28.38,28.5,500,1500,2300,2000,2600,1000,1500,200,1000,1000,200,200,400,900,1100,1200,600,600,3700,3700
99.0,28.22,17100,483211.0,28.22,28.21,28.2,28.19,28.18,28.17,28.15,28.13,28.1,28.08,28.25,28.26,28.27,28.3,28.31,28.33,28.34,28.35,28.38,28.5,500,1500,2300,2000,2600,1000,1500,200,1000,1000,200,200,400,900,1100,1200,600,600,3700,3700
100.0,28.22,17100,483211.0,28.22,28.21,28.2,28.19,28.18,28.17,28.15,28.13,28.1,28.08,28.25,28.26,28.27,28.3,28.31,28.33,28.34,28.35,28.38,28.5,500,1500,2300,2000,2600,1000,1500,200,1000,1000,200,200,400,900,1100,1200,600,600,3700,3700
101.0,28.22,17100,483211.0,28.22,28.21,28.2,28.19,28.18,28.17,28.15,28.13,28.1,28.08,28.25,28.26,28.27,28.3,28.31,28.33,28.34,28.35,28.38,28.5,500,1500,2300,2000,2600,1000,1500,200,1000,1000,600,200,400,900,1100,1200,100,600,3700,3700
102.0,28.22,17100,483211.0,28.22,28.21,28.2,28.19,28.18,28.17,28.15,28.13,28.1,28.08,28.25,28.26,28.27,28.3,28.31,28.33,28.34,28.35,28.38,28.5,500,1500,2300,2000,2600,1000,1500,200,1000,1000,600,200,400,900,1100,1200,100,600,3700,3700
103.0,28.22,17100,483211.0,28.22,28.21,28.2,28.19,28.18,28.17,28.15,28.13,28.1,28.08,28.25,28.26,28.27,28.3,28.31,28.33,28.34,28.35,28.38,28.5,500,1500,2300,2000,2600,1000,1500,200,1000,1000,600,200,400,900,1100,1200,100,600,3700,3700
104.0,28.22,17600,497321.0,28.21,28.2,28.19,28.18,28.17,28.15,28.13,28.1,28.08,28.04,28.22,28.25,28.26,28.27,28.3,28.31,28.33,28.34,28.35,28.38,1500,2300,2000,2600,1000,1500,200,1000,1000,1100,2300,600,200,400,900,1100,1200,100,600,3700
105.0,28.22,17600,497321.0,28.21,28.2,28.19,28.18,28.17,28.15,28.13,28.1,28.08,28.04,28.22,28.25,28.26,28.27,28.3,28.31,28.33,28.34,28.35,28.38,1500,2300,2000,2600,1000,1500,200,1000,1000,1100,2300,600,200,400,900,1100,1200,100,600,3700
106.0,28.22,17800,502965.0,28.21,28.2,28.19,28.18,28.17,28.15,28.13,28.1,28.08,28.04,28.22,28.25,28.26,28.27,28.3,28.31,28.33,28.34,28.35,28.38,1500,2300,2000,2600,1000,1500,200,1000,1000,1100,2200,600,200,400,900,1100,1200,100,600,3700
107.0,28.22,17800,502965.0,28.21,28.2,28.19,28.18,28.17,28.15,28.13,28.1,28.08,28.04,28.22,28.25,28.26,28.27,28.3,28.31,28.33,28.34,28.35,28.38,1500,2300,2000,2600,1000,1500,200,1000,1000,1100,2200,600,200,400,900,1100,1200,100,600,3700
108.0,28.22,17800,502965.0,28.21,28.2,28.19,28.18,28.17,28.15,28.13,28.1,28.08,28.04,28.22,28.25,28.26,28.27,28.3,28.31,28.33,28.34,28.35,28.38,1500,2300,2000,2600,1000,1500,200,1000,1000,1100,2200,600,200,400,900,1100,1200,100,600,3700
109.0,28.22,18000,508609.0,28.21,28.2,28.19,28.18,28.17,28.15,28.13,28.1,28.08,28.04,28.22,28.25,28.26,28.27,28.3,28.31,28.33,28.34,28.35,28.38,1500,2300,2000,2600,1000,1500,200,1000,1000,1100,2000,600,200,400,900,1100,1200,100,600,3700
110.0,28.22,18500,522718.0,28.21,28.2,28.19,28.18,28.17,28.15,28.13,28.1,28.08,28.04,28.22,28.25,28.26,28.27,28.3,28.31,28.33,28.34,28.35,28.38,1400,2300,2000,2600,1000,1500,200,1000,1000,1100,1600,600,200,400,900,1100,1200,100,600,3700
111.0,28.22,18500,522718.0,28.21,28.2,28.19,28.18,28.17,28.15,28.13,28.1,28.08,28.04,28.22,28.25,28.27,28.3,28.31,28.33,28.34,28.35,28.38,28.5,1400,2300,2000,2600,1000,1500,200,1000,1000,1100,1600,600,400,900,1100,1200,100,600,3700,100
112.0,28.22,20100,567870.0,28.22,28.21,28.2,28.19,28.18,28.17,28.15,28.13,28.1,28.08,28.25,28.27,28.3,28.31,28.33,28.34,28.35,28.38,28.5,28.51,1200,2600,2300,2000,2600,1000,1500,200,1000,1000,600,400,900,1100,1200,100,600,3700,100,3700
113.0,28.22,20100,567870.0,28.22,28.21,28.2,28.19,28.18,28.17,28.15,28.13,28.1,28.08,28.25,28.27,28.3,28.31,28.33,28.34,28.35,28.38,28.5,28.51,1800,2600,2300,2000,2600,1000,1500,200,1000,1000,600,400,900,1100,1200,100,600,3700,100,3700
114.0,28.22,20300,573514.0,28.22,28.21,28.2,28.19,28.18,28.17,28.15,28.13,28.1,28.08,28.25,28.27,28.3,28.31,28.33,28.34,28.35,28.38,28.5,28.51,1600,2800,2300,2000,2600,1000,1500,200,1000,1000,600,400,900,1100,1200,100,600,3700,100,3700
115.0,28.22,20300,573514.0,28.22,28.21,28.2,28.19,28.18,28.17,28.15,28.13,28.1,28.08,28.25,28.27,28.3,28.31,28.33,28.34,28.35,28.38,28.5,28.51,1600,2800,2300,2000,2600,1000,1500,200,1000,1000,600,400,900,1100,1200,100,600,3700,100,3700
116.0,28.25,20400,576339.0,28.22,28.21,28.2,28.19,28.18,28.17,28.15,28.13,28.1,28.08,28.25,28.27,28.3,28.31,28.33,28.34,28.35,28.38,28.5,28.51,1600,2800,2300,2000,2600,1000,1500,200,1000,1000,500,400,900,1100,1200,100,600,3700,100,3700
117.0,28.22,20500,579161.0,28.22,28.21,28.2,28.19,28.18,28.17,28.15,28.13,28.1,28.08,28.25,28.27,28.3,28.31,28.33,28.34,28.35,28.38,28.5,28.51,1500,2800,2300,2000,2600,1000,1500,200,1000,1000,500,400,900,1100,1200,100,600,3700,100,3700
118.0,28.22,20500,579161.0,28.22,28.21,28.2,28.19,28.18,28.17,28.15,28.13,28.1,28.08,28.25,28.27,28.3,28.31,28.33,28.34,28.35,28.38,28.5,28.51,2700,2500,2300,2000,2600,1000,1500,200,1000,1000,500,400,900,1100,1200,100,600,3700,100,3700
119.0,28.22,20500,579161.0,28.22,28.21,28.2,28.19,28.18,28.17,28.15,28.13,28.1,28.08,28.25,28.27,28.3,28.31,28.33,28.34,28.35,28.38,28.5,28.51,2300,2500,2300,2000,2600,1000,1500,200,1000,1000,500,400,900,1100,1200,100,600,3700,100,3700
120.0,28.22,20500,579161.0,28.22,28.21,28.2,28.19,28.18,28.17,28.15,28.13,28.1,28.08,28.25,28.27,28.3,28.31,28.33,28.34,28.35,28.38,28.5,28.51,2300,2500,2300,2000,2600,1000,1500,200,1000,1000,500,400,900,1100,1200,100,600,3700,100,3700
121.0,28.25,20600,581986.0,28.22,28.21,28.2,28.19,28.18,28.17,28.15,28.13,28.1,28.08,28.25,28.27,28.3,28.31,28.33,28.34,28.35,28.38,28.5,28.51,2300,2500,2300,2000,2600,1600,1500,200,1000,1000,400,400,900,1100,1200,100,600,3700,100,3700
122.0,28.25,20600,581986.0,28.23,28.22,28.21,28.2,28.19,28.18,28.17,28.15,28.13,28.1,28.25,28.27,28.3,28.31,28.33,28.34,28.35,28.38,28.5,28.51,900,2300,2500,2300,2000,2600,1600,1500,200,1000,400,400,900,1100,1200,100,600,3700,100,3700
123.0,28.25,20600,581986.0,28.23,28.22,28.21,28.2,28.19,28.18,28.17,28.15,28.13,28.1,28.25,28.27,28.3,28.31,28.33,28.34,28.35,28.38,28.5,28.51,900,2300,2500,2300,2000,2600,1600,1500,200,1000,400,400,900,1100,1200,100,600,3700,100,3700
124.0,28.25,20600,581986.0,28.23,28.22,28.21,28.2,28.19,28.18,28.17,28.15,28.13,28.1,28.25,28.27,28.3,28.31,28.33,28.34,28.35,28.38,28.5,28.51,2200,2300,1500,2300,2000,2600,1600,1500,200,1000,400,400,900,1100,1200,100,600,3700,100,3700
125.0,28.25,20900,590461.0,28.24,28.23,28.22,28.21,28.2,28.19,28.18,28.17,28.15,28.13,28.25,28.27,28.3,28.31,28.33,28.34,28.35,28.38,28.5,28.51,500,2200,2300,1500,2300,2000,2600,1600,1500,200,100,400,900,1100,1200,100,600,3700,100,3700
126.0,28.23,22400,632811.0,28.23,28.22,28.21,28.2,28.19,28.18,28.17,28.15,28.13,28.1,28.25,28.27,28.3,28.31,28.33,28.34,28.35,28.38,28.5,28.51,1200,2300,1500,2300,2000,2600,1600,1500,200,1000,100,400,200,300,1200,100,600,3700,100,3700
127.0,28.23,22400,632811.0,28.23,28.22,28.21,28.2,28.19,28.18,28.17,28.15,28.13,28.1,28.24,28.25,28.27,28.3,28.31,28.33,28.34,28.35,28.38,28.5,1200,2200,1500,2300,2000,2600,1600,1500,200,1000,100,100,400,200,300,1200,100,600,3700,100
128.0,28.24,22500,635635.0,28.23,28.22,28.21,28.2,28.19,28.18,28.17,28.15,28.13,28.1,28.25,28.27,28.3,28.31,28.33,28.34,28.35,28.38,28.5,28.51,1200,2200,1500,2300,2000,2600,1600,1500,200,1000,100,400,700,300,1200,100,600,3700,100,3700
129.0,28.24,22500,635635.0,28.23,28.22,28.21,28.2,28.19,28.18,28.17,28.15,28.13,28.1,28.25,28.27,28.3,28.31,28.33,28.34,28.35,28.38,28.5,28.51,1200,2200,1500,2300,2000,2600,1600,1500,200,1000,100,400,700,300,1200,100,600,3700,100,3700
130.0,28.24,22500,635635.0,28.23,28.22,28.21,28.2,28.19,28.18,28.17,28.15,28.13,28.1,28.25,28.27,28.3,28.31,28.33,28.34,28.35,28.38,28.5,28.51,1200,2200,1500,2300,2000,2600,1600,1500,200,1000,100,400,700,300,1200,100,600,3700,100,3700
131.0,28.23,22600,638458.0,28.23,28.22,28.21,28.2,28.19,28.18,28.17,28.15,28.13,28.1,28.25,28.27,28.3,28.31,28.33,28.34,28.35,28.38,28.5,28.51,1100,2200,1500,2300,2000,2600,1600,1500,200,1000,100,400,700,200,1200,100,600,3700,100,3700
132.0,28.23,22600,638458.0,28.23,28.22,28.21,28.2,28.19,28.18,28.17,28.15,28.13,28.1,28.25,28.27,28.3,28.31,28.33,28.34,28.35,28.38,28.5,28.51,1100,1400,1500,2300,2000,2600,1600,1500,200,1000,100,400,700,200,1200,100,600,3700,100,3700
133.0,28.23,22600,638458.0,28.23,28.22,28.21,28.2,28.19,28.18,28.17,28.15,28.13,28.1,28.25,28.27,28.3,28.31,28.33,28.34,28.35,28.38,28.5,28.51,1100,1400,1500,2300,2000,2600,1600,1500,200,1000,100,400,700,200,1200,100,600,3700,100,3700
134.0,28.23,22600,638458.0,28.23,28.22,28.21,28.2,28.19,28.18,28.17,28.15,28.13,28.1,28.25,28.27,28.3,28.31,28.33,28.34,28.35,28.38,28.5,28.51,1100,1400,1500,2300,2000,2600,1600,1500,200,1000,100,400,700,200,1200,100,600,3700,100,3700
135.0,28.23,22600,638458.0,28.23,28.22,28.21,28.2,28.19,28.18,28.17,28.15,28.13,28.1,28.25,28.27,28.3,28.31,28.33,28.34,28.35,28.38,28.5,28.51,1100,1400,1500,2300,2000,2600,1600,1500,200,1000,100,400,700,200,1200,100,600,3700,100,3700
136.0,28.23,22600,638458.0,28.23,28.22,28.21,28.2,28.19,28.18,28.17,28.15,28.13,28.1,28.25,28.27,28.3,28.31,28.33,28.34,28.35,28.38,28.5,28.51,1100,1400,1500,2300,2000,2600,1600,1500,200,1000,100,400,700,200,1200,100,600,3700,100,3700
137.0,28.23,22600,638458.0,28.23,28.22,28.21,28.2,28.19,28.18,28.17,28.15,28.13,28.1,28.25,28.27,28.3,28.31,28.33,28.34,28.35,28.38,28.5,28.51,1100,1400,1500,2300,2000,2600,1600,1500,200,1000,100,400,700,200,1200,100,600,3700,100,3700
138.0,28.23,22700,641281.0,28.23,28.22,28.21,28.2,28.19,28.18,28.17,28.15,28.13,28.1,28.25,28.27,28.3,28.31,28.33,28.34,28.35,28.38,28.5,28.51,1000,1400,1500,2300,2000,2600,1600,1500,200,1000,100,400,700,200,1200,100,600,3700,100,3700
139.0,28.23,22700,641281.0,28.23,28.22,28.21,28.2,28.19,28.18,28.17,28.15,28.13,28.1,28.25,28.27,28.3,28.31,28.33,28.34,28.35,28.38,28.5,28.51,1000,1400,1500,2300,2000,2600,1600,1500,200,1000,100,400,700,200,1200,100,600,3700,100,3700
140.0,28.23,22700,641281.0,28.24,28.23,28.22,28.21,28.2,28.19,28.18,28.17,28.15,28.13,28.25,28.27,28.3,28.31,28.33,28.34,28.35,28.38,28.5,28.51,1500,1000,1400,1500,2300,2000,2600,1600,1500,200,100,400,700,200,1200,100,600,3700,100,3700
141.0,28.23,22700,641281.0,28.24,28.23,28.22,28.21,28.2,28.19,28.18,28.17,28.15,28.13,28.25,28.27,28.3,28.31,28.33,28.34,28.35,28.38,28.5,28.51,1500,1000,1400,1500,2300,2000,2600,1600,1500,200,100,400,700,200,1200,100,600,3700,100,3700
142.0,28.23,22700,641281.0,28.24,28.23,28.22,28.21,28.2,28.19,28.18,28.17,28.15,28.13,28.25,28.27,28.3,28.31,28.33,28.34,28.35,28.38,28.5,28.51,1500,2500,1300,1500,2300,2000,2600,1600,1500,200,100,400,700,200,1200,100,600,3700,100,3700
143.0,28.23,22700,641281.0,28.24,28.23,28.22,28.21,28.2,28.19,28.18,28.17,28.15,28.13,28.25,28.27,28.3,28.31,28.33,28.34,28.35,28.38,28.5,28.51,1500,2500,1300,1500,2300,2000,2600,1600,1500,200,100,400,700,200,1200,100,600,3700,100,3700
144.0,28.23,22700,641281.0,28.24,28.23,28.22,28.21,28.2,28.19,28.18,28.17,28.15,28.13,28.25,28.27,28.3,28.31,28.33,28.34,28.35,28.38,28.5,28.51,1500,2500,1300,1500,2300,2000,2600,1600,1500,200,100,400,700,200,1200,100,600,3700,100,3700
145.0,28.24,22800,644105.0,28.24,28.23,28.22,28.21,28.2,28.19,28.18,28.17,28.15,28.13,28.25,28.27,28.3,28.31,28.33,28.34,28.35,28.38,28.5,28.51,2800,2500,200,1500,2300,2000,2600,1600,1500,200,100,400,700,200,1200,100,600,3700,100,3700
146.0,28.25,22900,646930.0,28.25,28.24,28.23,28.22,28.21,28.2,28.19,28.18,28.17,28.15,28.27,28.29,28.3,28.31,28.33,28.34,28.35,28.38,28.5,28.51,1600,2800,2500,200,1500,2300,2000,2600,1600,1500,400,2300,700,200,1200,100,600,3700,100,3700
147.0,28.25,22900,646930.0,28.25,28.24,28.23,28.22,28.21,28.2,28.19,28.18,28.17,28.15,28.27,28.29,28.3,28.31,28.33,28.34,28.35,28.38,28.5,28.51,1600,2800,2500,200,1500,2300,2000,2600,1600,1500,400,2300,700,200,1200,100,600,3700,100,3700
148.0,28.25,22900,646930.0,28.25,28.24,28.23,28.22,28.21,28.2,28.19,28.18,28.17,28.15,28.27,28.29,28.3,28.31,28.33,28.34,28.35,28.38,28.5,28.51,3100,2400,1500,200,1500,2300,2000,2600,1600,1500,400,2300,700,200,1200,100,600,3700,100,3700
149.0,28.25,24700,697780.0,28.26,28.25,28.24,28.23,28.22,28.21,28.2,28.19,28.18,28.17,28.27,28.28,28.29,28.3,28.31,28.33,28.34,28.35,28.38,28.5,1900,1300,2400,1500,200,1500,2300,2000,2600,1600,400,400,2900,300,200,1200,100,600,3700,100
150.0,28.25,24700,697780.0,28.26,28.25,28.24,28.23,28.22,28.21,28.2,28.19,28.18,28.17,28.27,28.28,28.29,28.3,28.31,28.33,28.34,28.35,28.38,28.5,1900,1300,2400,1500,200,1500,2300,2000,2600,1600,400,400,2900,300,200,1200,100,600,3700,100
151.0,28.25,24700,697780.0,28.26,28.25,28.24,28.23,28.22,28.21,28.2,28.19,28.18,28.17,28.27,28.28,28.29,28.3,28.31,28.33,28.34,28.35,28.38,28.5,1900,1300,2400,1500,200,1500,2300,2000,2600,1600,400,400,2900,300,200,1200,100,600,3700,100
152.0,28.27,27600,779740.0,28.27,28.25,28.24,28.23,28.22,28.21,28.2,28.19,28.18,28.17,28.28,28.29,28.3,28.31,28.33,28.34,28.35,28.38,28.5,28.51,300,1100,2400,1500,200,1500,2300,2000,2600,1600,1100,2400,300,200,1200,100,600,3700,100,3700
153.0,28.28,27800,785396.0,28.27,28.25,28.24,28.23,28.22,28.21,28.2,28.19,28.18,28.17,28.28,28.29,28.3,28.31,28.33,28.34,28.35,28.38,28.5,28.51,300,1100,2400,1500,200,1500,2300,2000,2600,1600,900,2400,300,200,1200,100,600,3700,100,3700
154.0,28.28,27800,785396.0,28.27,28.25,28.24,28.23,28.22,28.21,28.2,28.19,28.18,28.17,28.28,28.29,28.3,28.31,28.33,28.34,28.35,28.38,28.5,28.51,300,1100,2400,1500,200,1500,2300,2000,2600,1600,900,2400,300,200,1200,100,600,3700,100,3700
155.0,28.27,29700,839085.0,28.24,28.23,28.22,28.21,28.2,28.19,28.18,28.17,28.15,28.13,28.27,28.28,28.29,28.3,28.31,28.33,28.34,28.35,28.38,28.5,2400,1500,200,1500,2300,2000,2600,1600,1500,200,300,900,2400,300,200,1200,100,600,3700,100
156.0,28.27,29700,839085.0,28.24,28.23,28.22,28.21,28.2,28.19,28.18,28.17,28.15,28.13,28.25,28.27,28.28,28.29,28.3,28.31,28.33,28.34,28.35,28.38,2400,1500,200,1500,2300,2000,2600,1600,1500,200,200,300,900,2400,300,200,1200,100,600,3700
157.0,28.27,29700,839085.0,28.24,28.23,28.22,28.21,28.2,28.19,28.18,28.17,28.15,28.13,28.25,28.27,28.28,28.29,28.3,28.31,28.33,28.34,28.35,28.38,2400,1500,200,1500,2300,2000,2600,1600,1500,200,200,300,900,2400,300,200,1200,100,600,3700
158.0,28.27,29700,839085.0,28.24,28.23,28.22,28.21,28.2,28.19,28.18,28.17,28.15,28.13,28.25,28.27,28.28,28.29,28.3,28.31,28.33,28.34,28.35,28.38,2400,1500,200,1500,2300,2000,2600,1600,1500,200,200,300,1000,2400,300,200,1200,100,600,3700
159.0,28.24,29900,844733.0,28.24,28.23,28.22,28.21,28.2,28.19,28.18,28.17,28.15,28.13,28.25,28.27,28.28,28.29,28.3,28.31,28.33,28.34,28.35,28.38,2200,1500,200,1500,2300,2000,2600,1600,1500,200,200,300,1000,2400,300,200,1200,100,600,3700
160.0,28.24,29900,844733.0,28.24,28.23,28.22,28.21,28.2,28.19,28.18,28.17,28.15,28.13,28.25,28.27,28.28,28.29,28.3,28.31,28.33,28.34,28.35,28.38,2200,1500,200,1500,2300,2000,2600,1600,1500,200,200,300,1000,2400,300,200,1200,100,600,3700
161.0,28.24,29900,844733.0,28.24,28.23,28.22,28.21,28.2,28.19,28.18,28.17,28.15,28.13,28.25,28.27,28.28,28.29,28.3,28.31,28.33,28.34,28.35,28.38,2200,1500,200,1500,2300,2000,2600,1600,1500,200,200,400,1000,2400,300,200,1200,100,600,3700
162.0,28.24,29900,844733.0,28.24,28.23,28.22,28.21,28.2,28.19,28.18,28.17,28.15,28.13,28.25,28.26,28.27,28.28,28.29,28.3,28.31,28.33,28.34,28.35,2200,1500,200,1500,2300,2000,2600,1600,1500,200,200,300,400,1000,2400,300,200,1200,100,600
163.0,28.24,29900,844733.0,28.24,28.23,28.22,28.21,28.2,28.19,28.18,28.17,28.15,28.13,28.25,28.26,28.27,28.28,28.29,28.3,28.31,28.33,28.34,28.35,2200,1500,200,1500,2300,2000,2600,1600,1500,200,200,300,400,1100,2400,300,200,1200,100,600
164.0,28.25,32700,923805.0,28.23,28.22,28.21,28.2,28.19,28.18,28.17,28.15,28.13,28.1,28.25,28.26,28.27,28.28,28.29,28.3,28.31,28.33,28.34,28.35,1200,200,1500,2300,2000,2600,1600,1500,200,1000,600,500,400,600,2400,300,200,1200,100,600
165.0,28.23,33900,957681.0,28.22,28.21,28.2,28.19,28.18,28.17,28.15,28.13,28.1,28.08,28.23,28.24,28.25,28.26,28.27,28.28,28.29,28.3,28.31,28.33,200,1500,2300,2000,2600,1600,1500,200,1000,1000,1300,300,600,500,400,600,2400,300,200,1200
166.0,28.23,35200,994360.0,28.21,28.2,28.19,28.18,28.17,28.15,28.13,28.1,28.08,28.04,28.23,28.24,28.25,28.26,28.27,28.28,28.29,28.3,28.31,28.33,600,2300,2000,2600,1600,1500,200,1000,1000,1100,1100,300,700,500,400,600,2400,300,200,1200
167.0,28.22,35400,1000005.0,28.22,28.21,28.2,28.19,28.18,28.17,28.15,28.13,28.1,28.08,28.23,28.24,28.26,28.27,28.28,28.29,28.3,28.31,28.33,28.34,100,600,2300,2000,2600,1600,1500,200,1000,1000,1000,300,500,400,600,2400,300,200,1200,100
168.0,28.22,35900,1014119.0,28.21,28.2,28.19,28.18,28.17,28.15,28.13,28.1,28.08,28.04,28.23,28.24,28.26,28.27,28.28,28.29,28.3,28.31,28.33,28.34,600,2300,2000,2600,1600,1500,200,1000,1000,1100,600,300,500,400,600,2400,300,200,1200,100
169.0,28.23,36100,1019765.0,28.21,28.2,28.19,28.18,28.17,28.15,28.13,28.1,28.08,28.04,28.23,28.24,28.26,28.27,28.28,28.29,28.3,28.31,28.33,28.34,600,2300,2000,2600,1600,1500,200,1000,1000,1100,400,300,500,400,600,2400,300,200,1200,100
170.0,28.23,36100,1019765.0,28.21,28.2,28.19,28.18,28.17,28.15,28.13,28.1,28.08,28.04,28.23,28.24,28.26,28.27,28.28,28.29,28.3,28.31,28.33,28.34,600,2300,2000,2600,1600,1500,200,1000,1000,1100,400,300,500,400,600,2400,300,200,1200,100
171.0,28.23,36100,1019765.0,28.21,28.2,28.19,28.18,28.17,28.15,28.13,28.1,28.08,28.04,28.23,28.24,28.26,28.27,28.28,28.29,28.3,28.31,28.33,28.34,600,2300,2000,2600,1600,1500,200,1000,1000,1100,400,300,500,400,600,2400,300,200,1200,100
172.0,28.23,36100,1019765.0,28.21,28.2,28.19,28.18,28.17,28.15,28.13,28.1,28.08,28.04,28.23,28.24,28.26,28.27,28.28,28.29,28.3,28.31,28.33,28.34,600,2300,2000,2600,1600,1500,200,1000,1000,1100,400,100,500,400,600,2400,300,200,1200,100
173.0,28.23,36200,1022588.0,28.21,28.2,28.19,28.18,28.17,28.15,28.13,28.1,28.08,28.04,28.23,28.24,28.26,28.27,28.28,28.29,28.3,28.31,28.33,28.34,600,2300,2000,2600,1600,1500,200,1000,1000,1100,300,100,500,400,600,2400,300,200,1200,100
174.0,28.23,36200,1022588.0,28.21,28.2,28.19,28.18,28.17,28.15,28.13,28.1,28.08,28.04,28.23,28.24,28.26,28.27,28.28,28.29,28.3,28.31,28.33,28.34,600,2300,2000,2600,1600,1500,200,1000,1000,1100,300,100,500,400,600,2400,300,200,1200,100
175.0,28.24,36600,1033881.0,28.23,28.21,28.2,28.19,28.18,28.17,28.15,28.13,28.1,28.08,28.26,28.27,28.28,28.29,28.3,28.31,28.33,28.34,28.35,28.38,3600,600,2300,2000,2600,1600,1500,200,1000,1000,500,400,900,2400,300,200,1200,100,600,3700
176.0,28.24,36600,1033881.0,28.23,28.21,28.2,28.19,28.18,28.17,28.15,28.13,28.1,28.08,28.26,28.27,28.28,28.29,28.3,28.31,28.33,28.34,28.35,28.38,3600,600,2300,2000,2600,1600,1500,200,1000,1000,500,400,900,2400,300,200,1200,100,600,3700
177.0,28.24,36600,1033881.0,28.23,28.21,28.2,28.19,28.18,28.17,28.15,28.13,28.1,28.08,28.26,28.27,28.28,28.29,28.3,28.31,28.33,28.34,28.35,28.38,3600,600,2300,2000,2600,1600,1500,200,1000,1000,500,400,900,2400,300,200,1200,100,600,3700
178.0,28.24,36600,1033881.0,28.23,28.21,28.2,28.19,28.18,28.17,28.15,28.13,28.1,28.08,28.26,28.27,28.28,28.29,28.3,28.31,28.33,28.34,28.35,28.38,3600,600,2300,2000,2600,1600,1500,200,1000,1000,500,400,900,2400,300,200,1200,100,600,3700
179.0,28.26,36700,1036707.0,28.23,28.22,28.21,28.2,28.19,28.18,28.17,28.15,28.13,28.1,28.26,28.27,28.28,28.29,28.3,28.31,28.33,28.34,28.35,28.38,3600,600,600,2300,2000,2600,1600,1500,200,1000,400,400,900,2400,300,200,1200,100,600,3700
180.0,28.26,36700,1036707.0,28.23,28.22,28.21,28.2,28.19,28.18,28.17,28.15,28.13,28.1,28.26,28.27,28.28,28.29,28.3,28.31,28.33,28.34,28.35,28.38,3600,600,600,2300,2000,2600,1600,1500,200,1000,400,400,900,2400,300,200,1200,100,600,3700
181.0,28.26,36700,1036707.0,28.23,28.22,28.21,28.2,28.19,28.18,28.17,28.15,28.13,28.1,28.26,28.27,28.28,28.29,28.3,28.31,28.33,28.34,28.35,28.38,3600,600,600,2300,2000,2600,1600,1500,200,1000,400,400,900,2400,300,200,1200,100,600,3700
182.0,28.26,36700,1036707.0,28.23,28.22,28.21,28.2,28.19,28.18,28.17,28.15,28.13,28.1,28.26,28.27,28.28,28.29,28.3,28.31,28.33,28.34,28.35,28.38,3600,600,600,2300,2000,2600,1600,1500,200,1000,400,400,700,2400,300,200,1200,100,600,3700
183.0,28.26,36700,1036707.0,28.23,28.22,28.21,28.2,28.19,28.18,28.17,28.15,28.13,28.1,28.26,28.27,28.28,28.29,28.3,28.31,28.33,28.34,28.35,28.38,3600,600,600,2300,2000,2600,1600,1500,200,1000,400,400,600,2400,300,200,1200,100,600,3700
184.0,28.26,36700,1036707.0,28.23,28.22,28.21,28.2,28.19,28.18,28.17,28.15,28.13,28.1,28.26,28.27,28.28,28.29,28.3,28.31,28.33,28.34,28.35,28.38,3600,600,600,2300,2000,2600,1600,1500,200,1000,400,400,600,2400,300,200,1200,100,600,3700
185.0,28.26,36700,1036707.0,28.23,28.22,28.21,28.2,28.19,28.18,28.17,28.15,28.13,28.1,28.26,28.27,28.28,28.29,28.3,28.31,28.33,28.34,28.35,28.38,4000,600,600,2300,2000,2600,1600,1500,200,1000,400,400,600,2400,300,200,1200,100,600,3700
186.0,28.26,36700,1036707.0,28.23,28.22,28.21,28.2,28.19,28.18,28.17,28.15,28.13,28.1,28.26,28.27,28.28,28.29,28.3,28.31,28.33,28.34,28.35,28.38,4000,600,600,2300,2000,2600,1600,1500,200,1000,400,400,600,2400,300,200,1200,100,600,3700
187.0,28.26,36700,1036707.0,28.23,28.22,28.21,28.2,28.19,28.18,28.17,28.15,28.13,28.1,28.25,28.26,28.27,28.28,28.29,28.3,28.31,28.33,28.34,28.35,4000,600,600,2300,2000,2600,1600,1500,200,1000,2400,400,400,600,2400,300,200,1200,100,600
188.0,28.24,37800,1067761.0,28.23,28.22,28.21,28.2,28.19,28.18,28.17,28.15,28.13,28.1,28.24,28.25,28.26,28.27,28.28,28.29,28.3,28.31,28.33,28.34,3000,600,600,2300,2000,2600,1600,1500,200,1200,800,2400,400,400,600,2400,300,200,1200,100
189.0,28.24,37800,1067761.0,28.23,28.22,28.21,28.2,28.19,28.18,28.17,28.15,28.13,28.1,28.24,28.25,28.26,28.27,28.28,28.29,28.3,28.31,28.33,28.34,3000,600,600,2300,2000,2600,1600,1500,200,1200,800,2400,400,400,600,2400,300,200,1200,100
190.0,28.24,37900,1070585.0,28.23,28.22,28.21,28.2,28.19,28.18,28.17,28.15,28.13,28.1,28.24,28.25,28.26,28.27,28.28,28.29,28.3,28.31,28.33,28.34,3000,600,600,2300,2000,2600,1600,1500,200,1200,700,2400,400,400,600,2400,300,200,1200,100
191.0,28.23,38200,1079055.0,28.23,28.22,28.21,28.2,28.19,28.18,28.17,28.15,28.13,28.1,28.24,28.25,28.26,28.27,28.28,28.29,28.3,28.31,28.33,28.34,2800,600,600,2300,2000,2600,1600,1500,200,1200,600,2400,400,400,600,2400,300,200,1200,100
192.0,28.23,38200,1079055.0,28.23,28.22,28.21,28.2,28.19,28.18,28.17,28.15,28.13,28.1,28.24,28.25,28.26,28.27,28.28,28.29,28.3,28.31,28.33,28.34,2800,600,600,2300,2000,2600,1600,1500,200,1200,600,2400,400,400,600,2400,300,200,1200,100
193.0,28.24,38500,1087527.0,28.23,28.22,28.21,28.2,28.19,28.18,28.17,28.15,28.13,28.1,28.24,28.25,28.26,28.27,28.28,28.29,28.3,28.31,28.33,28.34,2800,600,600,2300,2000,2600,1600,1500,200,1200,700,2400,400,400,600,2400,300,200,1200,100
194.0,28.23,38700,1093173.0,28.23,28.22,28.21,28.2,28.19,28.18,28.17,28.15,28.13,28.1,28.24,28.25,28.26,28.27,28.28,28.29,28.3,28.31,28.33,28.34,2600,600,600,2300,2000,2600,1600,1500,200,1200,700,2400,400,400,600,2400,300,200,1200,100
195.0,28.24,38900,1098820.0,28.23,28.22,28.21,28.2,28.19,28.18,28.17,28.15,28.13,28.1,28.24,28.25,28.26,28.27,28.28,28.29,28.3,28.31,28.33,28.34,2500,600,600,2300,2000,2600,1600,1500,200,1200,800,2400,400,400,600,2400,300,200,1200,100
196.0,28.24,38900,1098820.0,28.23,28.22,28.21,28.2,28.19,28.18,28.17,28.15,28.13,28.1,28.24,28.25,28.26,28.27,28.28,28.29,28.3,28.31,28.33,28.34,2700,600,600,2300,2000,2600,1600,1500,200,1200,800,2400,400,400,600,2400,300,200,1200,100
197.0,28.24,40100,1132697.0,28.23,28.22,28.21,28.2,28.19,28.18,28.17,28.15,28.13,28.1,28.24,28.25,28.26,28.27,28.28,28.29,28.3,28.31,28.33,28.34,1600,600,600,2300,2000,2600,1600,1500,200,1200,1000,2400,400,400,600,2400,300,200,1200,100
198.0,28.23,40300,1138344.0,28.23,28.22,28.21,28.2,28.19,28.18,28.17,28.15,28.13,28.1,28.24,28.25,28.26,28.27,28.28,28.29,28.3,28.31,28.33,28.34,1500,600,600,2300,2000,2600,1600,1500,200,1200,900,2400,400,400,600,2400,300,200,1200,100
199.0,28.23,40300,1138344.0,28.23,28.22,28.21,28.2,28.19,28.18,28.17,28.15,28.13,28.1,28.24,28.25,28.26,28.27,28.28,28.29,28.3,28.31,28.33,28.34,1500,600,600,2300,2000,2600,1600,1500,200,1200,900,2400,400,300,600,2400,300,200,1200,100
200.0,28.23,40500,1143990.0,28.23,28.22,28.21,28.2,28.19,28.18,28.17,28.15,28.13,28.1,28.24,28.25,28.26,28.27,28.28,28.29,28.3,28.31,28.33,28.34,1300,600,600,2300,2000,2600,1600,1500,200,1200,900,2400,400,300,600,2400,300,200,1200,100
201.0,28.23,40500,1143990.0,28.23,28.22,28.21,28.2,28.19,28.18,28.17,28.15,28.13,28.1,28.24,28.25,28.26,28.27,28.28,28.29,28.3,28.31,28.33,28.34,1300,600,600,2300,2000,2600,1600,1500,200,1200,900,2400,400,300,600,2400,300,200,1200,100
202.0,28.24,40600,1146814.0,28.23,28.22,28.21,28.2,28.19,28.18,28.17,28.15,28.13,28.1,28.24,28.25,28.26,28.27,28.28,28.29,28.3,28.31,28.33,28.34,1300,600,600,2300,2000,2600,1600,1500,200,1200,800,2400,400,300,600,2400,300,200,1200,100
203.0,28.24,40600,1146814.0,28.23,28.22,28.21,28.2,28.19,28.18,28.17,28.15,28.13,28.1,28.24,28.25,28.26,28.27,28.28,28.29,28.3,28.31,28.33,28.34,1300,600,600,2300,2000,2600,1600,1500,200,1200,800,2400,400,300,600,2400,300,200,1200,100
204.0,28.24,40600,1146814.0,28.23,28.22,28.21,28.2,28.19,28.18,28.17,28.15,28.13,28.1,28.24,28.25,28.26,28.27,28.28,28.29,28.3,28.31,28.33,28.34,1300,600,600,2300,2000,2600,3000,1500,200,1200,800,2400,400,300,600,2400,300,200,1200,100
205.0,28.24,40600,1146814.0,28.23,28.22,28.21,28.2,28.19,28.18,28.17,28.15,28.13,28.1,28.24,28.25,28.26,28.27,28.28,28.29,28.3,28.31,28.33,28.34,1500,600,600,2300,2000,2600,3000,1500,200,1200,800,2400,400,300,600,2400,300,200,1200,100
206.0,28.24,40600,1146814.0,28.23,28.22,28.21,28.2,28.19,28.18,28.17,28.15,28.13,28.1,28.24,28.25,28.26,28.27,28.28,28.29,28.3,28.31,28.33,28.34,1500,600,600,2300,2000,2600,3000,1500,200,1200,800,2400,400,300,600,2400,300,200,1200,100
207.0,28.24,40600,1146814.0,28.23,28.22,28.21,28.2,28.19,28.18,28.17,28.15,28.13,28.1,28.24,28.25,28.26,28.27,28.28,28.29,28.3,28.31,28.33,28.34,1500,600,600,2300,2000,2600,3000,1500,200,1200,800,2400,400,300,600,2400,300,200,1200,100
208.0,28.24,40600,1146814.0,28.23,28.22,28.21,28.2,28.19,28.18,28.17,28.15,28.13,28.1,28.24,28.25,28.26,28.27,28.28,28.29,28.3,28.31,28.33,28.34,1500,600,600,2300,2000,2600,3000,1500,200,1200,800,2400,400,300,600,2400,300,200,1200,100
209.0,28.24,40600,1146814.0,28.23,28.22,28.21,28.2,28.19,28.18,28.17,28.15,28.13,28.1,28.24,28.25,28.26,28.27,28.28,28.29,28.3,28.31,28.33,28.34,1500,600,600,2300,2000,2600,3000,1500,200,1200,800,2400,400,300,600,2400,300,200,1200,100
210.0,28.23,40800,1152460.0,28.23,28.22,28.21,28.2,28.19,28.18,28.17,28.15,28.13,28.1,28.24,28.25,28.26,28.27,28.28,28.29,28.3,28.31,28.33,28.34,1300,600,600,2300,2000,2600,3000,1500,200,1200,800,2400,400,300,600,2400,300,200,1200,100
211.0,28.23,41100,1160929.0,28.23,28.22,28.21,28.2,28.19,28.18,28.17,28.15,28.13,28.1,28.24,28.25,28.26,28.27,28.28,28.29,28.3,28.31,28.33,28.34,1000,600,600,2300,2000,2600,3000,1500,200,1200,800,2400,400,300,600,2400,300,200,1200,100
212.0,28.23,41100,1160929.0,28.23,28.22,28.21,28.2,28.19,28.18,28.17,28.15,28.13,28.1,28.24,28.25,28.26,28.27,28.28,28.29,28.3,28.31,28.33,28.34,1000,600,600,2300,2000,2600,3000,1500,200,1200,800,2400,400,300,600,2400,300,200,1200,100
213.0,28.23,41100,1160929.0,28.23,28.22,28.21,28.2,28.19,28.18,28.17,28.15,28.13,28.1,28.24,28.25,28.26,28.27,28.28,28.29,28.3,28.31,28.33,28.34,1000,600,600,2300,2000,2600,3000,1500,200,1200,800,2400,400,300,600,2400,300,200,1200,100
214.0,28.24,41200,1163753.0,28.23,28.22,28.21,28.2,28.19,28.18,28.17,28.15,28.13,28.1,28.24,28.25,28.26,28.27,28.28,28.29,28.3,28.31,28.33,28.34,1000,600,600,2300,2000,2600,3000,1500,200,1200,800,2400,400,300,600,2400,300,200,1200,100
215.0,28.24,41200,1163753.0,28.23,28.22,28.21,28.2,28.19,28.18,28.17,28.15,28.13,28.1,28.24,28.25,28.26,28.27,28.28,28.29,28.3,28.31,28.33,28.34,1000,600,600,2300,2000,2600,3000,1500,200,1200,800,2400,400,300,600,2400,300,200,1200,100
216.0,28.24,41300,1166577.0,28.23,28.22,28.21,28.2,28.19,28.18,28.17,28.15,28.13,28.1,28.24,28.25,28.26,28.27,28.28,28.29,28.3,28.31,28.33,28.34,1000,600,600,2300,2000,2600,3000,1500,200,1200,700,2100,400,300,600,2400,300,200,1200,100
217.0,28.24,41300,1166577.0,28.23,28.22,28.21,28.2,28.19,28.18,28.17,28.15,28.13,28.1,28.24,28.25,28.26,28.27,28.28,28.29,28.3,28.31,28.33,28.34,1000,600,600,2300,2000,2600,3000,1500,200,1200,700,2100,400,300,600,2400,300,200,1200,100
218.0,28.24,41300,1166577.0,28.23,28.22,28.21,28.2,28.19,28.18,28.17,28.15,28.13,28.1,28.24,28.25,28.26,28.27,28.28,28.29,28.3,28.31,28.33,28.34,1000,600,600,2300,2000,2600,3000,1500,200,1200,700,2100,400,300,600,2400,300,200,1200,100
219.0,28.24,41300,1166577.0,28.23,28.22,28.21,28.2,28.19,28.18,28.17,28.15,28.13,28.1,28.24,28.25,28.26,28.27,28.28,28.29,28.3,28.31,28.33,28.34,1000,600,600,2300,2000,2600,3000,1500,200,1200,700,2100,400,300,600,2400,300,200,1200,100
220.0,28.23,41400,1169400.0,28.23,28.22,28.21,28.2,28.19,28.18,28.17,28.15,28.13,28.1,28.24,28.25,28.26,28.27,28.28,28.29,28.3,28.31,28.33,28.34,900,600,600,2300,2000,2600,3000,1500,200,1200,700,2100,400,300,600,2400,300,200,1200,100
221.0,28.23,41800,1180692.0,28.23,28.22,28.21,28.2,28.19,28.18,28.17,28.15,28.13,28.1,28.24,28.25,28.26,28.27,28.28,28.29,28.3,28.31,28.33,28.34,500,600,600,2300,2000,2600,3000,1500,200,1200,700,2100,400,300,600,2400,300,200,1200,100
222.0,28.24,42300,1194812.0,28.23,28.22,28.21,28.2,28.19,28.18,28.17,28.15,28.13,28.1,28.24,28.25,28.26,28.27,28.28,28.29,28.3,28.31,28.33,28.34,500,600,600,2300,2000,2600,3000,1500,200,1200,200,2100,400,300,600,2400,300,200,1200,100
223.0,28.24,42300,1194812.0,28.23,28.22,28.21,28.2,28.19,28.18,28.17,28.15,28.13,28.1,28.24,28.25,28.26,28.27,28.28,28.29,28.3,28.31,28.33,28.34,500,600,600,2300,2000,2600,3000,1500,200,1200,200,2100,400,300,600,2400,300,200,1200,100
224.0,28.24,42300,1194812.0,28.23,28.22,28.21,28.2,28.19,28.18,28.17,28.15,28.13,28.1,28.24,28.25,28.26,28.27,28.28,28.29,28.3,28.31,28.33,28.34,500,600,600,2300,2000,2600,3000,1500,200,1200,200,2100,400,300,600,2400,300,200,1200,100
225.0,28.24,42300,1194812.0,28.23,28.22,28.21,28.2,28.19,28.18,28.17,28.15,28.13,28.1,28.24,28.25,28.26,28.27,28.28,28.29,28.3,28.31,28.33,28.34,500,600,600,2300,2000,2600,3000,1500,200,1200,200,2100,400,300,600,2400,300,200,1200,100
226.0,28.24,42300,1194812.0,28.23,28.22,28.21,28.2,28.19,28.18,28.17,28.15,28.13,28.1,28.24,28.25,28.26,28.27,28.28,28.29,28.3,28.31,28.33,28.34,500,600,600,2300,2000,2600,3000,1500,200,1200,200,2100,400,300,600,2400,300,200,1200,100
227.0,28.24,42300,1194812.0,28.23,28.22,28.21,28.2,28.19,28.18,28.17,28.15,28.13,28.1,28.24,28.25,28.26,28.27,28.28,28.29,28.3,28.31,28.33,28.34,500,600,600,2300,2000,2600,3000,1500,200,1200,200,2100,400,300,600,2400,300,200,1200,100
228.0,28.24,42300,1194812.0,28.23,28.22,28.21,28.2,28.19,28.18,28.17,28.15,28.13,28.1,28.24,28.25,28.26,28.27,28.28,28.29,28.3,28.31,28.33,28.34,500,600,600,2300,2000,2600,3000,1500,200,1200,200,2100,400,300,600,2400,300,200,1200,100
229.0,28.24,42300,1194812.0,28.23,28.22,28.21,28.2,28.19,28.18,28.17,28.15,28.13,28.1,28.24,28.25,28.26,28.27,28.28,28.29,28.3,28.31,28.33,28.34,500,600,600,2300,2000,2600,3000,1500,200,1200,200,2100,400,300,600,2400,300,200,1200,100
230.0,28.24,42300,1194812.0,28.23,28.22,28.21,28.2,28.19,28.18,28.17,28.15,28.13,28.1,28.24,28.25,28.26,28.27,28.28,28.29,28.3,28.31,28.33,28.34,500,600,600,2300,2000,2600,3000,1500,200,1200,200,2100,400,300,600,2400,300,200,1200,100
231.0,28.23,43200,1220219.0,28.22,28.21,28.2,28.19,28.18,28.17,28.15,28.13,28.1,28.08,28.23,28.24,28.25,28.26,28.27,28.28,28.29,28.3,28.31,28.33,1400,600,2300,2000,2600,3000,1500,200,1200,1000,100,200,2100,400,300,600,2400,300,200,1200
232.0,28.23,43200,1220219.0,28.22,28.21,28.2,28.19,28.18,28.17,28.15,28.13,28.1,28.08,28.23,28.24,28.25,28.26,28.27,28.28,28.29,28.3,28.31,28.33,1400,600,2300,2000,2600,3000,1500,200,1200,1000,100,200,2100,400,300,600,2400,300,200,1200
233.0,28.25,44900,1268240.0,28.24,28.23,28.22,28.21,28.2,28.19,28.18,28.17,28.15,28.13,28.25,28.26,28.27,28.28,28.29,28.3,28.31,28.33,28.34,28.35,300,800,1400,600,2300,2600,2600,3000,1500,200,700,400,300,600,2400,300,200,1200,100,600
234.0,28.25,44900,1268240.0,28.24,28.23,28.22,28.21,28.2,28.19,28.18,28.17,28.15,28.13,28.25,28.26,28.27,28.28,28.29,28.3,28.31,28.33,28.34,28.35,300,800,1400,600,2300,2600,2600,3000,1500,200,700,400,300,600,2400,300,200,1200,100,600
235.0,28.25,44900,1268240.0,28.24,28.23,28.22,28.21,28.2,28.19,28.18,28.17,28.15,28.13,28.25,28.26,28.27,28.28,28.29,28.3,28.31,28.33,28.34,28.35,300,800,1400,600,2300,2600,2600,3000,1500,200,700,400,300,600,2400,300,200,1200,100,600
236.0,28.27,46200,1304973.0,28.26,28.24,28.23,28.22,28.21,28.2,28.19,28.18,28.17,28.15,28.27,28.28,28.29,28.3,28.31,28.33,28.34,28.35,28.38,28.5,200,800,800,1400,600,2300,2600,2600,3000,1500,100,300,2400,300,200,1200,100,600,3700,100
237.0,28.27,46200,1304973.0,28.26,28.24,28.23,28.22,28.21,28.2,28.19,28.18,28.17,28.15,28.27,28.28,28.29,28.3,28.31,28.33,28.34,28.35,28.38,28.5,200,800,800,1400,600,2300,2600,2600,3000,1500,100,300,2400,300,200,1200,100,600,3700,100
238.0,28.27,46200,1304973.0,28.26,28.24,28.23,28.22,28.21,28.2,28.19,28.18,28.17,28.15,28.27,28.28,28.29,28.3,28.31,28.33,28.34,28.35,28.38,28.5,200,800,800,1400,600,2300,2600,2600,3000,1500,100,300,2400,300,200,1200,100,600,3700,100
239.0,28.27,46200,1304973.0,28.26,28.24,28.23,28.22,28.21,28.2,28.19,28.18,28.17,28.15,28.27,28.28,28.29,28.3,28.31,28.33,28.34,28.35,28.38,28.5,200,800,800,1400,600,2300,2600,2600,3000,1500,100,300,2400,300,200,1200,100,600,3700,100
240.0,28.27,46200,1304973.0,28.26,28.24,28.23,28.22,28.21,28.2,28.19,28.18,28.17,28.15,28.27,28.28,28.29,28.3,28.31,28.33,28.34,28.35,28.38,28.5,200,800,800,1400,600,2300,2600,2600,3000,1500,100,300,2400,300,200,1200,100,600,3700,100
241.0,28.27,46200,1304973.0,28.26,28.24,28.23,28.22,28.21,28.2,28.19,28.18,28.17,28.15,28.27,28.28,28.29,28.3,28.31,28.33,28.34,28.35,28.38,28.5,300,800,800,1400,600,2300,2600,2600,3000,1500,100,300,2400,300,200,1200,100,600,3700,100
242.0,28.27,46300,1307800.0,28.26,28.24,28.23,28.22,28.21,28.2,28.19,28.18,28.17,28.15,28.28,28.29,28.3,28.31,28.33,28.34,28.35,28.38,28.5,28.51,300,800,800,1400,1700,2300,2600,2600,3000,1500,300,2400,300,200,1200,100,600,3700,100,3700
243.0,28.27,46300,1307800.0,28.26,28.24,28.23,28.22,28.21,28.2,28.19,28.18,28.17,28.15,28.28,28.29,28.3,28.31,28.33,28.34,28.35,28.38,28.5,28.51,300,800,800,1400,1700,2300,2600,2600,3000,1500,300,2400,300,200,1200,100,600,3700,100,3700
244.0,28.27,46300,1307800.0,28.26,28.24,28.23,28.22,28.21,28.2,28.19,28.18,28.17,28.15,28.28,28.29,28.3,28.31,28.33,28.34,28.35,28.38,28.5,28.51,300,800,800,1400,1700,2300,2600,2600,3000,1500,300,2400,300,200,1200,100,600,3700,100,3700
245.0,28.27,46300,1307800.0,28.26,28.24,28.23,28.22,28.21,28.2,28.19,28.18,28.17,28.15,28.28,28.29,28.3,28.31,28.33,28.34,28.35,28.38,28.5,28.51,300,800,800,1400,1700,2300,2600,2600,3000,1500,300,2400,300,200,1200,100,600,3700,100,3700
246.0,28.27,46300,1307800.0,28.26,28.24,28.23,28.22,28.21,28.2,28.19,28.18,28.17,28.15,28.28,28.29,28.3,28.31,28.33,28.34,28.35,28.38,28.5,28.51,300,800,800,1400,1700,2300,2600,2600,3000,1500,300,2400,300,200,1200,100,600,3700,100,3700
247.0,28.27,46300,1307800.0,28.24,28.22,28.21,28.2,28.19,28.18,28.17,28.15,28.13,28.1,28.28,28.29,28.3,28.31,28.33,28.34,28.35,28.38,28.5,28.51,300,600,1700,2300,2600,2600,3000,1500,200,1200,300,2400,300,200,1200,100,600,3700,100,3700
248.0,28.27,46300,1307800.0,28.24,28.22,28.21,28.2,28.19,28.18,28.17,28.15,28.13,28.1,28.28,28.29,28.3,28.31,28.33,28.34,28.35,28.38,28.5,28.51,300,600,1700,2300,2600,2600,3000,1500,200,1200,300,2400,300,200,1200,100,600,3700,100,3700
249.0,28.27,46300,1307800.0,28.24,28.22,28.21,28.2,28.19,28.18,28.17,28.15,28.13,28.1,28.28,28.29,28.3,28.31,28.33,28.34,28.35,28.38,28.5,28.51,400,600,1700,2300,2600,2600,3000,1500,200,1200,400,2400,300,200,1200,100,600,3700,100,3700
250.0,28.27,46300,1307800.0,28.24,28.22,28.21,28.2,28.19,28.18,28.17,28.15,28.13,28.1,28.28,28.29,28.3,28.31,28.33,28.34,28.35,28.38,28.5,28.51,400,600,1700,2300,2600,2600,3000,1500,200,1200,400,2400,300,200,1200,100,600,3700,100,3700
251.0,28.27,46300,1307800.0,28.24,28.22,28.21,28.2,28.19,28.18,28.17,28.15,28.13,28.1,28.28,28.29,28.3,28.31,28.33,28.34,28.35,28.38,28.5,28.51,500,600,1700,2300,2600,2600,3000,1500,200,1200,500,2400,300,200,1200,100,600,3700,100,3700
252.0,28.27,46300,1307800.0,28.24,28.22,28.21,28.2,28.19,28.18,28.17,28.15,28.13,28.1,28.28,28.29,28.3,28.31,28.33,28.34,28.35,28.38,28.5,28.51,500,600,1700,2300,2600,2600,3000,1500,200,1200,500,2400,300,200,1200,100,600,3700,100,3700
253.0,28.27,46300,1307800.0,28.24,28.22,28.21,28.2,28.19,28.18,28.17,28.15,28.13,28.1,28.28,28.29,28.3,28.31,28.33,28.34,28.35,28.38,28.5,28.51,500,600,1700,2300,2600,2600,3000,1500,200,1200,500,2400,300,200,1200,100,600,3700,100,3700
254.0,28.27,46300,1307800.0,28.24,28.22,28.21,28.2,28.19,28.18,28.17,28.15,28.13,28.1,28.28,28.29,28.3,28.31,28.33,28.34,28.35,28.38,28.5,28.51,600,600,1700,2300,2600,2600,3000,1500,200,1200,600,2400,300,200,1200,100,600,3700,100,3700
255.0,28.27,46300,1307800.0,28.24,28.22,28.21,28.2,28.19,28.18,28.17,28.15,28.13,28.1,28.28,28.29,28.3,28.31,28.33,28.34,28.35,28.38,28.5,28.51,600,600,1700,2300,2600,2600,3000,1500,200,1200,600,2400,300,200,1200,100,600,3700,100,3700
256.0,28.27,46300,1307800.0,28.24,28.22,28.21,28.2,28.19,28.18,28.17,28.15,28.13,28.1,28.28,28.29,28.3,28.31,28.33,28.34,28.35,28.38,28.5,28.51,700,600,1700,2300,2600,2600,3000,1500,200,1200,700,2400,300,200,1200,100,600,3700,100,3700
257.0,28.27,46300,1307800.0,28.24,28.22,28.21,28.2,28.19,28.18,28.17,28.15,28.13,28.1,28.28,28.29,28.3,28.31,28.33,28.34,28.35,28.38,28.5,28.51,700,600,1700,2300,2600,2600,3000,1500,200,1200,700,2400,300,200,1200,100,600,3700,100,3700
258.0,28.27,46300,1307800.0,28.24,28.22,28.21,28.2,28.19,28.18,28.17,28.15,28.13,28.1,28.28,28.29,28.3,28.31,28.33,28.34,28.35,28.38,28.5,28.51,700,600,1700,2300,2600,2600,3000,1500,200,1200,700,2400,300,200,1200,100,600,3700,100,3700
259.0,28.27,46300,1307800.0,28.24,28.22,28.21,28.2,28.19,28.18,28.17,28.15,28.13,28.1,28.28,28.29,28.3,28.31,28.33,28.34,28.35,28.38,28.5,28.51,700,600,1700,2300,2600,2600,3000,1500,200,1200,700,2400,300,200,1200,100,600,3700,100,3700
260.0,28.28,46400,1310628.0,28.24,28.22,28.21,28.2,28.19,28.18,28.17,28.15,28.13,28.1,28.28,28.29,28.3,28.31,28.33,28.34,28.35,28.38,28.5,28.51,700,600,1700,2300,2600,2600,3000,1500,200,1200,600,2400,300,200,1200,100,600,3700,100,3700
261.0,28.28,46400,1310628.0,28.24,28.22,28.21,28.2,28.19,28.18,28.17,28.15,28.13,28.1,28.28,28.29,28.3,28.31,28.33,28.34,28.35,28.38,28.5,28.51,700,600,1700,2300,2600,2600,3000,1500,200,1200,600,2400,300,200,1200,100,600,3700,100,3700
262.0,28.28,46400,1310628.0,28.24,28.22,28.21,28.2,28.19,28.18,28.17,28.15,28.13,28.1,28.28,28.29,28.3,28.31,28.33,28.34,28.35,28.38,28.5,28.51,700,600,1700,2300,2600,2600,3000,1500,200,1200,600,2400,300,200,1200,100,600,3700,100,3700
263.0,28.28,46400,1310628.0,28.24,28.22,28.21,28.2,28.19,28.18,28.17,28.15,28.13,28.1,28.28,28.29,28.3,28.31,28.33,28.34,28.35,28.38,28.5,28.51,700,1800,1700,2300,2600,2600,3000,1500,200,1200,600,2400,300,200,1200,100,600,3700,100,3700
264.0,28.28,46400,1310628.0,28.24,28.22,28.21,28.2,28.19,28.18,28.17,28.15,28.13,28.1,28.28,28.29,28.3,28.31,28.33,28.34,28.35,28.38,28.5,28.51,700,1800,1700,2300,2600,2600,3000,1500,200,1200,600,2400,300,200,1200,100,600,3700,100,3700
265.0,28.28,46400,1310628.0,28.24,28.22,28.21,28.2,28.19,28.18,28.17,28.15,28.13,28.1,28.28,28.29,28.3,28.31,28.33,28.34,28.35,28.38,28.5,28.51,700,1800,1700,2300,2600,2600,3000,1500,200,1200,600,2400,300,200,1200,100,600,3700,100,3700
266.0,28.28,46400,1310628.0,28.24,28.22,28.21,28.2,28.19,28.18,28.17,28.15,28.13,28.1,28.28,28.29,28.3,28.31,28.33,28.34,28.35,28.38,28.5,28.51,700,1800,600,2300,2600,2600,3000,1500,200,1200,600,2400,300,200,1200,100,600,3700,100,3700
267.0,28.28,46400,1310628.0,28.24,28.22,28.21,28.2,28.19,28.18,28.17,28.15,28.13,28.1,28.28,28.29,28.3,28.31,28.33,28.34,28.35,28.38,28.5,28.51,700,1800,600,2300,2600,2600,3000,1500,200,1200,600,2400,300,200,1200,100,600,3700,100,3700
268.0,28.28,46400,1310628.0,28.24,28.22,28.21,28.2,28.19,28.18,28.17,28.15,28.13,28.1,28.28,28.29,28.3,28.31,28.33,28.34,28.35,28.38,28.5,28.51,700,1800,600,2300,2600,2600,3000,1500,200,1200,600,2400,300,200,1200,100,600,3700,100,3700
269.0,28.28,46400,1310628.0,28.24,28.22,28.21,28.2,28.19,28.18,28.17,28.15,28.13,28.1,28.28,28.29,28.3,28.31,28.33,28.34,28.35,28.38,28.5,28.51,700,1800,600,2300,2600,2600,3000,1500,200,1200,600,2400,300,200,1200,100,600,3700,100,3700
270.0,28.28,46400,1310628.0,28.24,28.22,28.21,28.2,28.19,28.18,28.17,28.15,28.13,28.1,28.28,28.29,28.3,28.31,28.33,28.34,28.35,28.38,28.5,28.51,700,1800,600,2300,2600,2600,3000,1500,200,1200,600,2400,300,200,1200,100,600,3700,100,3700
271.0,28.28,46400,1310628.0,28.24,28.22,28.21,28.2,28.19,28.18,28.17,28.15,28.13,28.1,28.28,28.29,28.3,28.31,28.33,28.34,28.35,28.38,28.5,28.51,700,1800,600,2300,2600,2600,3000,1500,200,1200,600,2400,300,200,1200,100,600,3700,100,3700
272.0,28.28,46500,1313456.0,28.24,28.22,28.21,28.2,28.19,28.18,28.17,28.15,28.13,28.1,28.28,28.29,28.3,28.31,28.32,28.33,28.34,28.35,28.38,28.5,700,1800,600,2300,2600,2600,3000,1500,200,1200,500,2400,300,200,300,1200,100,600,3700,100
273.0,28.28,46500,1313456.0,28.24,28.22,28.21,28.2,28.19,28.18,28.17,28.15,28.13,28.1,28.28,28.29,28.3,28.31,28.32,28.33,28.34,28.35,28.38,28.5,700,1800,600,2300,2600,2600,3000,1500,200,1200,500,2400,300,200,300,1200,100,600,3700,100
274.0,28.28,46500,1313456.0,28.24,28.22,28.21,28.2,28.19,28.18,28.17,28.15,28.13,28.1,28.28,28.29,28.3,28.31,28.32,28.33,28.34,28.35,28.38,28.5,700,1800,600,2300,2600,2600,3000,1500,200,1200,500,2400,300,200,300,1200,100,600,3700,100
275.0,28.24,46700,1319104.0,28.24,28.22,28.21,28.2,28.19,28.18,28.17,28.15,28.13,28.1,28.28,28.29,28.3,28.31,28.32,28.33,28.34,28.35,28.38,28.5,500,1800,600,2300,2600,2600,3000,1500,200,1200,500,2400,300,200,300,1200,100,600,3700,100
276.0,28.24,46700,1319104.0,28.24,28.22,28.21,28.2,28.19,28.18,28.17,28.15,28.13,28.1,28.28,28.29,28.3,28.31,28.32,28.33,28.34,28.35,28.38,28.5,500,1800,600,2300,2600,2600,3000,1500,200,1200,500,2400,300,200,300,1200,100,600,3700,100
277.0,28.24,46700,1319104.0,28.24,28.22,28.21,28.2,28.19,28.18,28.17,28.15,28.13,28.1,28.28,28.29,28.3,28.31,28.32,28.33,28.34,28.35,28.38,28.5,500,1800,600,2300,2600,2600,3000,1500,200,1200,700,2400,300,200,300,1200,100,600,3700,100
278.0,28.24,46700,1319104.0,28.24,28.22,28.21,28.2,28.19,28.18,28.17,28.15,28.13,28.1,28.28,28.29,28.3,28.31,28.32,28.33,28.34,28.35,28.38,28.5,500,2000,600,2300,2600,2600,3000,1500,200,1200,800,2400,300,200,300,1200,100,600,3700,100
279.0,28.24,46700,1319104.0,28.24,28.22,28.21,28.2,28.19,28.18,28.17,28.15,28.13,28.1,28.28,28.29,28.3,28.31,28.32,28.33,28.34,28.35,28.38,28.5,500,2000,600,2300,2600,2600,3000,1500,200,1200,800,2400,300,200,300,1200,100,600,3700,100
280.0,28.24,46700,1319104.0,28.24,28.22,28.21,28.2,28.19,28.18,28.17,28.15,28.13,28.1,28.28,28.29,28.3,28.31,28.32,28.33,28.34,28.35,28.38,28.5,500,2000,600,2300,2600,2600,3000,1500,200,1200,800,2400,300,200,300,1200,100,600,3700,100
281.0,28.24,46700,1319104.0,28.24,28.22,28.21,28.2,28.19,28.18,28.17,28.15,28.13,28.1,28.28,28.29,28.3,28.31,28.32,28.33,28.34,28.35,28.38,28.5,500,2000,600,2300,2600,2600,3000,1500,200,1200,800,2400,300,200,300,1200,100,600,3700,100
282.0,28.24,46700,1319104.0,28.24,28.22,28.21,28.2,28.19,28.18,28.17,28.15,28.13,28.1,28.28,28.29,28.3,28.31,28.32,28.33,28.34,28.35,28.38,28.5,500,2000,600,2300,2600,2600,3000,1500,200,1200,800,2400,300,200,300,1200,100,600,3700,100
283.0,28.28,46800,1321932.0,28.24,28.22,28.21,28.2,28.19,28.18,28.17,28.15,28.13,28.1,28.28,28.29,28.3,28.31,28.32,28.33,28.34,28.35,28.38,28.5,500,2000,600,2300,2600,2600,3000,1500,200,1200,700,2400,300,200,300,1200,100,600,3700,100
284.0,28.28,46800,1321932.0,28.24,28.22,28.21,28.2,28.19,28.18,28.17,28.15,28.13,28.1,28.28,28.29,28.3,28.31,28.32,28.33,28.34,28.35,28.38,28.5,500,2000,600,2300,2600,2600,3000,1500,200,1200,700,2400,300,200,300,1200,100,600,3700,100
285.0,28.28,46800,1321932.0,28.24,28.22,28.21,28.2,28.19,28.18,28.17,28.15,28.13,28.1,28.28,28.29,28.3,28.31,28.32,28.33,28.34,28.35,28.38,28.5,500,2000,600,2300,2600,2600,3000,1500,200,1200,700,2400,300,200,300,1200,100,600,3700,100
286.0,28.28,46800,1321932.0,28.24,28.22,28.21,28.2,28.19,28.18,28.17,28.15,28.13,28.1,28.27,28.28,28.29,28.3,28.31,28.32,28.33,28.34,28.35,28.38,500,2000,600,2300,2600,2600,3000,1500,200,1200,1100,1500,2400,300,200,300,1200,100,600,3700
287.0,28.28,46800,1321932.0,28.24,28.22,28.21,28.2,28.19,28.18,28.17,28.15,28.13,28.1,28.27,28.28,28.29,28.3,28.31,28.32,28.33,28.34,28.35,28.38,500,2000,600,2300,2600,2600,3000,1500,200,1200,1100,1500,2400,300,200,300,1200,100,600,3700
288.0,28.28,46800,1321932.0,28.24,28.22,28.21,28.2,28.19,28.18,28.17,28.15,28.13,28.1,28.27,28.28,28.29,28.3,28.31,28.32,28.33,28.34,28.35,28.38,500,2000,600,2300,2600,2600,3000,1500,200,1200,1100,1500,2400,300,200,300,1200,100,600,3700
289.0,28.28,46800,1321932.0,28.24,28.22,28.21,28.2,28.19,28.18,28.17,28.15,28.13,28.1,28.26,28.27,28.28,28.29,28.3,28.31,28.32,28.33,28.34,28.35,500,2000,600,2300,2600,2600,3000,1500,200,1200,900,800,1500,2400,300,200,300,1200,100,600
290.0,28.28,46800,1321932.0,28.24,28.22,28.21,28.2,28.19,28.18,28.17,28.15,28.13,28.1,28.26,28.27,28.28,28.29,28.3,28.31,28.32,28.33,28.34,28.35,500,2000,600,2300,2600,2600,3000,1500,200,1200,900,800,1500,2400,300,200,300,1200,100,600
291.0,28.28,46800,1321932.0,28.24,28.22,28.21,28.2,28.19,28.18,28.17,28.15,28.13,28.1,28.26,28.27,28.28,28.29,28.3,28.31,28.32,28.33,28.34,28.35,500,2000,600,2300,2600,2600,3000,1500,200,1200,900,800,1500,2400,300,200,300,1200,100,600
292.0,28.28,46800,1321932.0,28.24,28.22,28.21,28.2,28.19,28.18,28.17,28.15,28.13,28.1,28.26,28.27,28.28,28.29,28.3,28.31,28.32,28.33,28.34,28.35,500,2000,600,2300,2600,2600,3000,1500,200,1200,900,800,1500,2400,300,200,300,1200,100,600
293.0,28.28,46800,1321932.0,28.24,28.22,28.21,28.2,28.19,28.18,28.17,28.15,28.13,28.1,28.26,28.27,28.28,28.29,28.3,28.31,28.32,28.33,28.34,28.35,500,2000,600,2300,2600,2600,3000,1500,200,1200,900,800,1500,2400,300,200,300,1200,100,600
294.0,28.28,46800,1321932.0,28.24,28.22,28.21,28.2,28.19,28.18,28.17,28.15,28.13,28.1,28.26,28.27,28.28,28.29,28.3,28.31,28.32,28.33,28.34,28.35,500,2000,600,2300,2600,2600,3000,1500,200,1200,900,800,1500,2400,300,200,300,1200,100,600
295.0,28.26,46900,1324758.0,28.24,28.22,28.21,28.2,28.19,28.18,28.17,28.15,28.13,28.1,28.26,28.27,28.28,28.29,28.3,28.31,28.32,28.33,28.34,28.35,500,2000,600,2300,2600,2600,3000,1500,200,1200,800,800,1500,2400,300,200,300,1200,100,600
296.0,28.26,46900,1324758.0,28.24,28.22,28.21,28.2,28.19,28.18,28.17,28.15,28.13,28.1,28.26,28.27,28.28,28.29,28.3,28.31,28.32,28.33,28.34,28.35,500,2000,600,2300,2600,2600,3000,1500,200,1200,800,800,1300,2400,300,200,300,1200,100,600
297.0,28.26,46900,1324758.0,28.24,28.22,28.21,28.2,28.19,28.18,28.17,28.15,28.13,28.1,28.26,28.27,28.28,28.29,28.3,28.31,28.32,28.33,28.34,28.35,500,2000,600,2300,2600,2600,3000,1500,200,1200,800,800,1300,2400,300,200,300,1200,100,600
298.0,28.26,46900,1324758.0,28.24,28.22,28.21,28.2,28.19,28.18,28.17,28.15,28.13,28.1,28.26,28.27,28.28,28.29,28.3,28.31,28.32,28.33,28.34,28.35,500,2000,600,2300,2600,2600,3000,1500,200,1200,800,800,1300,2400,300,200,300,1200,100,600
299.0,28.26,46900,1324758.0,28.24,28.22,28.21,28.2,28.19,28.18,28.17,28.15,28.13,28.1,28.26,28.27,28.28,28.29,28.3,28.31,28.32,28.33,28.34,28.35,500,2000,600,2300,2600,2600,3000,1500,200,1200,800,800,1300,2400,300,200,300,1200,100,600
300.0,28.26,46900,1324758.0,28.24,28.22,28.21,28.2,28.19,28.18,28.17,28.15,28.13,28.1,28.26,28.27,28.28,28.29,28.3,28.31,28.32,28.33,28.34,28.35,500,2500,600,2300,2600,2600,3000,1500,200,1200,800,800,1300,2400,300,200,300,1200,100,600
301.0,28.26,46900,1324758.0,28.24,28.22,28.21,28.2,28.19,28.18,28.17,28.15,28.13,28.1,28.26,28.27,28.28,28.29,28.3,28.31,28.32,28.33,28.34,28.35,500,2500,600,2300,2600,2600,3000,1500,200,1200,800,800,1300,2400,300,200,300,1200,100,600
302.0,28.26,46900,1324758.0,28.24,28.22,28.21,28.2,28.19,28.18,28.17,28.15,28.13,28.1,28.26,28.27,28.28,28.29,28.3,28.31,28.32,28.33,28.34,28.35,500,2500,600,2300,2600,2600,3000,1500,200,1200,800,800,1300,2400,300,200,300,1200,100,600
303.0,28.26,46900,1324758.0,28.24,28.22,28.21,28.2,28.19,28.18,28.17,28.15,28.13,28.1,28.26,28.27,28.28,28.29,28.3,28.31,28.32,28.33,28.34,28.35,500,2500,600,2300,2600,2600,3000,1500,200,1200,800,800,1300,2400,300,200,300,1200,100,600
304.0,28.26,46900,1324758.0,28.24,28.22,28.21,28.2,28.19,28.18,28.17,28.15,28.13,28.1,28.26,28.27,28.28,28.29,28.3,28.31,28.32,28.33,28.34,28.35,500,2500,600,2300,2600,2600,3000,1500,200,1200,800,800,1300,2400,300,200,300,1200,100,600
305.0,28.26,46900,1324758.0,28.24,28.22,28.21,28.2,28.19,28.18,28.17,28.15,28.13,28.1,28.26,28.27,28.28,28.29,28.3,28.31,28.32,28.33,28.34,28.35,500,2500,600,2300,2600,2600,3000,1500,200,1200,800,800,1300,2400,300,200,300,1200,100,600
306.0,28.26,46900,1324758.0,28.24,28.22,28.21,28.2,28.19,28.18,28.17,28.15,28.13,28.1,28.26,28.27,28.28,28.29,28.3,28.31,28.32,28.33,28.34,28.35,500,2500,600,2300,2600,2600,3000,1500,200,1200,800,800,1300,2400,300,200,300,1200,100,600
307.0,28.26,47000,1327584.0,28.24,28.22,28.21,28.2,28.19,28.18,28.17,28.15,28.13,28.1,28.26,28.27,28.28,28.29,28.3,28.31,28.32,28.33,28.34,28.35,500,2500,600,2300,2600,2600,3000,1500,200,1200,700,800,1300,2400,300,200,300,1200,100,600
308.0,28.26,47000,1327584.0,28.24,28.22,28.21,28.2,28.19,28.18,28.17,28.15,28.13,28.1,28.26,28.27,28.28,28.29,28.3,28.31,28.32,28.33,28.34,28.35,500,2500,600,2300,2600,2600,3000,1500,200,1200,700,800,1300,2400,300,200,300,1200,100,600
309.0,28.26,47000,1327584.0,28.24,28.22,28.21,28.2,28.19,28.18,28.17,28.15,28.13,28.1,28.26,28.27,28.28,28.29,28.3,28.31,28.32,28.33,28.34,28.35,500,2500,600,2300,2600,2600,3000,1500,200,1200,700,800,1300,2400,300,200,300,1200,100,600
310.0,28.21,50200,1417896.0,28.21,28.2,28.19,28.18,28.17,28.15,28.13,28.1,28.08,28.04,28.22,28.24,28.25,28.26,28.27,28.28,28.29,28.3,28.31,28.32,400,2300,2600,2600,3000,1500,200,1200,1000,1100,300,400,500,700,800,1300,2400,300,200,300
311.0,28.2,52800,1491220.0,28.2,28.19,28.18,28.17,28.15,28.13,28.1,28.08,28.04,28.01,28.21,28.22,28.23,28.24,28.25,28.26,28.27,28.28,28.29,28.3,100,2600,2600,3000,1500,200,1200,1000,1100,200,1200,300,500,400,1600,700,800,1300,2400,300
312.0,28.2,52800,1491220.0,28.2,28.19,28.18,28.17,28.15,28.13,28.1,28.08,28.04,28.01,28.21,28.22,28.23,28.24,28.25,28.26,28.27,28.28,28.29,28.3,100,2600,2600,3000,1500,200,1200,1000,1100,200,1200,300,500,400,1600,700,800,1300,2400,300
313.0,28.18,55700,1572973.0,28.18,28.17,28.15,28.13,28.1,28.08,28.04,28.01,28.0,27.93,28.2,28.21,28.23,28.24,28.25,28.26,28.27,28.28,28.29,28.3,2500,3000,1500,200,1200,1000,1100,200,2200,500,500,2200,300,400,1600,700,800,1300,2400,300
314.0,28.18,55900,1578609.0,28.18,28.17,28.15,28.13,28.1,28.08,28.04,28.01,28.0,27.93,28.2,28.21,28.22,28.23,28.24,28.25,28.26,28.27,28.28,28.29,2300,3000,1500,200,1200,1000,1100,200,2200,500,700,1000,200,300,400,1600,700,800,1300,2400
315.0,28.18,55900,1578609.0,28.18,28.17,28.15,28.13,28.1,28.08,28.04,28.01,28.0,27.93,28.2,28.21,28.22,28.23,28.24,28.25,28.26,28.27,28.28,28.29,2300,3000,1500,200,1200,1000,1100,200,2200,500,700,1000,200,300,400,1600,700,800,1300,2400
316.0,28.18,55900,1578609.0,28.18,28.17,28.15,28.13,28.1,28.08,28.04,28.01,28.0,27.93,28.2,28.21,28.22,28.23,28.24,28.25,28.26,28.27,28.28,28.29,2300,3000,1500,200,1200,1000,1100,200,2200,500,700,1000,200,300,400,1600,700,800,1300,2400
317.0,28.18,56100,1584245.0,28.18,28.17,28.15,28.13,28.1,28.08,28.04,28.01,28.0,27.93,28.2,28.21,28.22,28.23,28.24,28.25,28.26,28.27,28.28,28.29,2100,3000,1500,200,1200,1000,1100,200,2200,500,700,1000,200,300,400,1600,700,800,1300,2400
318.0,28.2,56200,1587065.0,28.18,28.17,28.15,28.13,28.1,28.08,28.04,28.01,28.0,27.93,28.2,28.21,28.22,28.23,28.24,28.25,28.26,28.27,28.28,28.29,2100,3000,1500,200,1200,1000,1100,200,2200,500,600,1000,200,300,400,1600,700,800,1300,2400
319.0,28.2,56200,1587065.0,28.18,28.17,28.15,28.13,28.1,28.08,28.04,28.01,28.0,27.93,28.2,28.21,28.22,28.23,28.24,28.25,28.26,28.27,28.28,28.29,2100,3000,1500,200,1200,1000,1100,200,2200,500,600,1000,200,300,400,1600,700,800,1300,2400
320.0,28.2,56200,1587065.0,28.18,28.17,28.15,28.13,28.1,28.08,28.04,28.01,28.0,27.93,28.2,28.21,28.22,28.23,28.24,28.25,28.26,28.27,28.28,28.29,2100,3000,1500,200,1200,1000,1100,200,2200,500,600,1000,200,300,400,1300,700,800,1300,2400
321.0,28.18,56400,1592701.0,28.18,28.17,28.15,28.13,28.1,28.08,28.04,28.01,28.0,27.93,28.2,28.21,28.22,28.23,28.24,28.25,28.26,28.27,28.28,28.29,1900,3000,1500,200,1200,1000,1100,200,2200,500,600,1000,200,300,400,1300,700,800,1300,2400
322.0,28.18,57200,1615245.0,28.18,28.17,28.15,28.13,28.1,28.08,28.04,28.01,28.0,27.93,28.19,28.2,28.21,28.22,28.23,28.24,28.25,28.26,28.27,28.28,1100,3000,1500,200,1200,1000,1100,200,2200,500,1000,600,1000,200,300,400,1300,700,800,1300
323.0,28.18,58300,1646243.0,28.17,28.15,28.13,28.1,28.08,28.04,28.01,28.0,27.93,27.9,28.18,28.19,28.2,28.21,28.22,28.23,28.24,28.25,28.26,28.27,3000,1500,200,1200,1000,1100,200,2200,500,2000,1000,1000,600,1000,200,300,400,1100,700,800
324.0,28.17,58900,1663145.0,28.17,28.15,28.13,28.1,28.08,28.04,28.01,28.0,27.93,27.9,28.18,28.19,28.2,28.21,28.22,28.23,28.24,28.25,28.26,28.27,2400,1500,200,1200,1000,1100,200,2200,500,2000,1200,1000,400,1000,200,300,400,1100,700,800
325.0,28.17,58900,1663145.0,28.17,28.15,28.13,28.1,28.08,28.04,28.01,28.0,27.93,27.9,28.18,28.19,28.2,28.21,28.23,28.24,28.25,28.26,28.27,28.28,2400,1500,200,1200,1000,1100,200,2200,500,2000,1200,1000,400,1000,300,400,1100,700,800,1300
326.0,28.17,59100,1668779.0,28.17,28.15,28.13,28.1,28.08,28.04,28.01,28.0,27.93,27.9,28.18,28.19,28.2,28.21,28.23,28.24,28.25,28.26,28.27,28.28,2200,1500,200,1200,1000,1100,200,2200,500,2000,1200,1000,400,1000,300,400,1100,700,800,1300
327.0,28.17,59300,1674414.0,28.17,28.15,28.13,28.1,28.08,28.04,28.01,28.0,27.93,27.9,28.18,28.19,28.2,28.21,28.23,28.24,28.25,28.26,28.27,28.28,2100,1500,200,1200,1000,1100,200,2200,500,2000,1400,1000,400,1000,300,400,1100,700,800,1300
328.0,28.17,59500,1680048.0,28.17,28.15,28.13,28.1,28.08,28.04,28.01,28.0,27.93,27.9,28.18,28.19,28.2,28.21,28.23,28.24,28.25,28.26,28.27,28.28,1900,1500,200,1200,1000,1100,200,2200,500,2000,1400,1000,400,1000,300,400,1100,700,800,1300
329.0,28.17,59500,1680048.0,28.17,28.15,28.13,28.1,28.08,28.04,28.01,28.0,27.93,27.9,28.18,28.19,28.2,28.21,28.23,28.24,28.25,28.26,28.27,28.28,1900,1500,200,1200,1000,1100,200,2200,500,2000,1400,1000,400,1000,300,400,1100,700,800,1300
330.0,28.18,59800,1688502.0,28.17,28.15,28.13,28.1,28.08,28.04,28.01,28.0,27.93,27.9,28.18,28.19,28.2,28.21,28.23,28.24,28.25,28.26,28.27,28.28,1900,1500,200,1200,1000,1100,200,2200,500,2000,1100,1000,400,1000,300,400,1100,700,800,1300
331.0,28.17,59900,1691319.0,28.17,28.15,28.13,28.1,28.08,28.04,28.01,28.0,27.93,27.9,28.18,28.19,28.2,28.21,28.23,28.24,28.25,28.26,28.27,28.28,1800,1500,200,1200,1000,1100,200,2200,500,2000,1100,1000,400,1000,300,400,1100,700,800,1300
332.0,28.17,60000,1694136.0,28.17,28.15,28.13,28.1,28.08,28.04,28.01,28.0,27.93,27.9,28.18,28.19,28.21,28.23,28.24,28.25,28.26,28.27,28.28,28.29,1700,1500,200,1200,1000,1100,200,2200,500,2000,1100,1000,1000,300,400,1100,700,800,1300,2400
333.0,28.17,61700,1742025.0,28.15,28.13,28.1,28.08,28.04,28.01,28.0,27.93,27.9,27.89,28.17,28.18,28.19,28.21,28.23,28.24,28.25,28.26,28.27,28.28,1500,200,1200,1000,1100,200,2200,500,2000,500,600,1100,1000,1000,300,400,700,700,800,1300
334.0,28.17,61700,1742025.0,28.15,28.13,28.1,28.08,28.04,28.01,28.0,27.93,27.9,27.89,28.17,28.18,28.19,28.21,28.23,28.24,28.25,28.26,28.27,28.28,1500,200,1200,1000,1100,200,2200,500,2000,500,1300,1100,1000,1000,300,400,700,700,800,1300
335.0,28.17,61900,1747657.0,28.15,28.13,28.1,28.08,28.04,28.01,28.0,27.93,27.9,27.89,28.17,28.18,28.19,28.21,28.23,28.24,28.25,28.26,28.27,28.28,1400,200,1200,1000,1100,200,2200,500,2000,500,1200,900,1000,1000,300,400,700,700,800,1300
336.0,28.17,61900,1747657.0,28.15,28.13,28.1,28.09,28.08,28.04,28.01,28.0,27.93,27.9,28.17,28.18,28.19,28.21,28.23,28.24,28.25,28.26,28.27,28.28,1400,200,1200,100,1000,1100,200,2200,500,2000,1200,900,1000,1000,300,400,700,700,800,1300
337.0,28.17,61900,1747657.0,28.15,28.13,28.1,28.09,28.08,28.04,28.01,28.0,27.93,27.9,28.17,28.18,28.19,28.21,28.23,28.24,28.25,28.26,28.27,28.28,1400,200,1200,100,1000,1100,200,2200,500,2000,1200,900,1000,1000,300,400,700,700,800,1300
338.0,28.15,62000,1750472.0,28.15,28.13,28.1,28.09,28.08,28.04,28.01,28.0,27.93,27.9,28.17,28.18,28.19,28.21,28.23,28.24,28.25,28.26,28.27,28.28,1300,200,1200,100,1000,1100,200,2200,500,2000,1200,300,1000,1000,300,400,700,700,800,1300
339.0,28.15,62000,1750472.0,28.15,28.13,28.1,28.09,28.08,28.04,28.01,28.0,27.93,27.9,28.17,28.18,28.19,28.21,28.23,28.24,28.25,28.26,28.27,28.28,1300,200,1200,100,1000,1300,200,2200,500,2000,1200,300,1000,1000,300,400,700,700,800,1300
340.0,28.17,62100,1753289.0,28.15,28.13,28.1,28.09,28.08,28.04,28.01,28.0,27.93,27.9,28.17,28.18,28.19,28.21,28.23,28.24,28.25,28.26,28.27,28.28,1300,200,1200,100,1000,1300,200,2200,500,2000,1100,300,1000,1000,300,400,700,700,800,1300
341.0,28.17,62100,1753289.0,28.15,28.13,28.1,28.09,28.08,28.04,28.01,28.0,27.93,27.9,28.17,28.18,28.19,28.21,28.23,28.24,28.25,28.26,28.27,28.28,1300,200,1200,100,1000,1300,200,2200,500,2000,1100,300,1000,1000,300,400,700,700,800,1300
342.0,28.17,62500,1764555.0,28.15,28.13,28.1,28.09,28.08,28.04,28.01,28.0,27.93,27.9,28.17,28.18,28.19,28.21,28.23,28.24,28.25,28.26,28.27,28.28,1200,200,1000,100,1000,1300,200,2200,500,2000,800,300,1000,1000,300,400,700,700,800,1300
343.0,28.17,62500,1764555.0,28.15,28.13,28.1,28.09,28.08,28.04,28.01,28.0,27.93,27.9,28.17,28.19,28.21,28.23,28.24,28.25,28.26,28.27,28.28,28.29,1200,200,1000,100,1000,1300,200,2200,500,2000,800,1000,1000,300,400,700,700,800,1300,2400
344.0,28.17,62500,1764555.0,28.15,28.13,28.1,28.09,28.08,28.04,28.01,28.0,27.93,27.9,28.17,28.19,28.21,28.23,28.24,28.25,28.26,28.27,28.28,28.29,1200,200,1000,100,1000,1300,200,2200,500,2000,800,1000,1000,300,400,700,700,800,1300,2400
345.0,28.15,62600,1767370.0,28.15,28.13,28.1,28.09,28.08,28.04,28.01,28.0,27.93,27.9,28.16,28.17,28.19,28.21,28.23,28.24,28.25,28.26,28.27,28.28,1100,200,1000,100,1000,1300,200,2200,500,2000,500,800,1000,1000,300,400,700,700,800,1300
346.0,28.15,62600,1767370.0,28.15,28.13,28.1,28.09,28.08,28.04,28.01,28.0,27.93,27.9,28.16,28.17,28.19,28.21,28.23,28.24,28.25,28.26,28.27,28.28,1100,200,1000,100,1000,1300,200,2200,500,2000,500,800,1000,1000,300,400,700,700,800,1300
347.0,28.15,62600,1767370.0,28.15,28.13,28.1,28.09,28.08,28.04,28.01,28.0,27.93,27.9,28.16,28.17,28.19,28.21,28.23,28.24,28.25,28.26,28.27,28.28,1100,200,1000,100,1000,1300,200,2200,500,2000,4100,800,1000,1000,300,400,700,700,800,1300
348.0,28.15,63700,1798335.0,28.13,28.1,28.09,28.08,28.04,28.01,28.0,27.93,27.9,27.89,28.15,28.16,28.17,28.19,28.21,28.23,28.24,28.25,28.26,28.27,200,1000,100,1000,1300,200,2200,500,2000,500,1100,4100,800,1000,1000,300,400,700,700,800
349.0,28.15,63800,1801150.0,28.13,28.1,28.09,28.08,28.04,28.01,28.0,27.93,27.9,27.89,28.15,28.16,28.17,28.19,28.21,28.23,28.24,28.25,28.26,28.27,200,1000,100,1000,1300,200,2200,500,2000,500,1000,4100,800,1000,1000,300,400,700,700,800
350.0,28.15,63900,1803965.0,28.13,28.1,28.09,28.08,28.04,28.01,28.0,27.93,27.9,27.89,28.15,28.16,28.17,28.19,28.21,28.23,28.24,28.25,28.26,28.27,200,1000,100,1000,1300,200,2200,500,2000,500,900,3600,800,1000,1000,300,400,700,700,800
351.0,28.13,64000,1806778.0,28.13,28.1,28.09,28.08,28.04,28.01,28.0,27.93,27.9,27.89,28.15,28.16,28.17,28.19,28.21,28.23,28.24,28.25,28.26,28.27,100,1000,100,1000,1300,200,2400,500,2000,500,900,3600,800,1000,1000,300,400,700,700,800
352.0,28.13,64000,1806778.0,28.13,28.1,28.09,28.08,28.04,28.01,28.0,27.93,27.9,27.89,28.15,28.16,28.17,28.19,28.21,28.23,28.24,28.25,28.26,28.27,100,1000,100,1000,1300,200,2400,500,2000,500,900,3600,800,1000,1000,300,400,700,700,800
353.0,28.15,64100,1809593.0,28.14,28.13,28.1,28.09,28.08,28.04,28.01,28.0,27.93,27.9,28.15,28.16,28.17,28.19,28.21,28.23,28.24,28.25,28.26,28.27,1000,100,1000,100,1000,1300,200,2400,500,2000,800,3600,600,1000,1000,300,400,700,700,800
354.0,28.15,64100,1809593.0,28.14,28.13,28.1,28.09,28.08,28.04,28.01,28.0,27.93,27.9,28.15,28.17,28.19,28.21,28.23,28.24,28.25,28.26,28.27,28.28,1000,100,1000,100,1000,1300,200,2400,500,2000,800,600,1000,1000,300,400,700,700,800,1300
355.0,28.15,64100,1809593.0,28.14,28.13,28.1,28.09,28.08,28.04,28.01,28.0,27.93,27.9,28.15,28.17,28.19,28.21,28.23,28.24,28.25,28.26,28.27,28.28,1000,100,1000,2100,1000,1300,200,2400,500,2000,800,600,1000,1000,300,400,700,700,800,1300
356.0,28.12,64600,1823654.0,28.1,28.09,28.08,28.04,28.01,28.0,27.93,27.9,27.89,27.87,28.15,28.17,28.19,28.21,28.23,28.24,28.25,28.26,28.27,28.28,1000,2100,1000,1300,200,2400,500,2000,500,500,800,600,1000,1000,300,400,700,700,800,1300
357.0,28.12,64600,1823654.0,28.1,28.09,28.08,28.04,28.01,28.0,27.93,27.9,27.89,27.87,28.15,28.17,28.19,28.21,28.23,28.24,28.25,28.26,28.27,28.28,1200,2100,1000,1300,200,2400,500,2000,500,500,1000,600,1000,1000,300,400,700,700,800,1300
358.0,28.12,64600,1823654.0,28.1,28.09,28.08,28.04,28.01,28.0,27.93,27.9,27.89,27.87,28.15,28.17,28.19,28.21,28.23,28.24,28.25,28.26,28.27,28.28,1300,2100,1000,1300,200,2400,500,2000,500,500,1100,200,1000,1000,300,400,700,700,800,1300
359.0,28.15,64900,1832099.0,28.13,28.1,28.09,28.08,28.04,28.01,28.0,27.93,27.9,27.89,28.15,28.17,28.19,28.21,28.23,28.24,28.25,28.26,28.27,28.28,3400,1500,2100,1000,1300,200,2400,500,2000,500,1000,200,1000,1000,300,400,700,700,800,1300
360.0,28.15,64900,1832099.0,28.13,28.1,28.09,28.08,28.04,28.01,28.0,27.93,27.9,27.89,28.15,28.17,28.19,28.21,28.23,28.24,28.25,28.26,28.27,28.28,3400,1500,2100,1000,1300,200,2400,500,2000,500,1000,200,1000,1000,300,400,700,700,800,1300
361.0,28.15,64900,1832099.0,28.13,28.1,28.09,28.08,28.04,28.01,28.0,27.93,27.9,27.89,28.15,28.17,28.19,28.21,28.23,28.24,28.25,28.26,28.27,28.28,3400,1500,2100,1000,1300,200,2400,500,2000,500,1000,200,1000,1000,300,400,700,700,800,1300
362.0,28.15,65000,1834914.0,28.13,28.1,28.09,28.08,28.04,28.01,28.0,27.93,27.9,27.89,28.15,28.17,28.19,28.21,28.23,28.24,28.25,28.26,28.27,28.28,3400,1500,2100,1000,1300,200,2400,500,2000,500,900,200,1000,1000,300,400,700,700,800,1300
363.0,28.13,65200,1840540.0,28.13,28.1,28.09,28.08,28.04,28.01,28.0,27.93,27.9,27.89,28.15,28.17,28.19,28.21,28.23,28.24,28.25,28.26,28.27,28.28,3200,1500,2100,1000,1300,200,2400,500,2000,500,500,200,1000,1000,300,400,700,700,800,1300
364.0,28.13,65500,1848979.0,28.13,28.1,28.09,28.08,28.04,28.01,28.0,27.93,27.9,27.89,28.15,28.17,28.19,28.21,28.23,28.24,28.25,28.26,28.27,28.28,2900,1500,2100,1000,1300,200,2400,500,2000,500,500,200,1000,1000,300,400,700,700,800,1300
365.0,28.15,65600,1851794.0,28.13,28.1,28.09,28.08,28.04,28.01,28.0,27.93,27.9,27.89,28.15,28.17,28.19,28.21,28.23,28.24,28.25,28.26,28.27,28.28,2900,1500,2100,1000,1300,200,2400,500,2000,500,400,200,1000,1000,300,400,500,700,800,1300
366.0,28.15,65600,1851794.0,28.13,28.1,28.09,28.08,28.04,28.01,28.0,27.93,27.9,27.89,28.15,28.17,28.19,28.21,28.23,28.24,28.25,28.26,28.27,28.28,2900,1500,2100,1000,1300,200,2400,500,2000,500,400,200,1000,1000,300,400,500,700,800,1300
367.0,28.15,65700,1854609.0,28.13,28.1,28.09,28.08,28.04,28.01,28.0,27.93,27.9,27.89,28.15,28.17,28.19,28.21,28.23,28.24,28.25,28.26,28.27,28.28,2900,1500,2100,1000,1300,200,2400,500,2000,500,1900,200,1000,600,300,400,500,700,800,1300
368.0,28.15,65700,1854609.0,28.13,28.1,28.09,28.08,28.04,28.01,28.0,27.93,27.9,27.89,28.15,28.17,28.19,28.21,28.23,28.24,28.25,28.26,28.27,28.28,2900,1500,2100,1000,1300,200,2900,500,2000,500,1900,200,1000,600,300,400,500,700,800,1300
369.0,28.15,65800,1857424.0,28.13,28.1,28.09,28.08,28.04,28.01,28.0,27.93,27.9,27.89,28.15,28.17,28.19,28.21,28.23,28.24,28.25,28.26,28.27,28.28,2900,1500,2100,1000,1300,200,2400,500,2000,500,1800,200,1000,600,300,400,500,700,800,1300
370.0,28.15,65800,1857424.0,28.13,28.1,28.09,28.08,28.04,28.01,28.0,27.93,27.9,27.89,28.15,28.17,28.19,28.21,28.23,28.24,28.25,28.26,28.27,28.28,2900,1500,2100,1000,1300,200,2400,500,2000,500,1800,200,1000,600,300,400,500,700,800,1300
371.0,28.15,65800,1857424.0,28.13,28.1,28.09,28.08,28.04,28.01,28.0,27.93,27.9,27.89,28.15,28.17,28.18,28.19,28.21,28.23,28.24,28.25,28.26,28.27,2900,1500,2100,1000,1300,200,2400,500,2000,500,2000,200,3600,1000,600,300,400,500,700,800
372.0,28.15,66200,1868684.0,28.13,28.1,28.09,28.08,28.04,28.01,28.0,27.93,27.9,27.89,28.15,28.17,28.18,28.19,28.21,28.23,28.24,28.25,28.26,28.27,2900,1500,2100,1000,1300,200,2400,500,2000,500,1600,200,3600,1000,600,300,400,500,700,800
373.0,28.15,66200,1868684.0,28.13,28.1,28.09,28.08,28.04,28.01,28.0,27.93,27.9,27.89,28.15,28.17,28.18,28.19,28.21,28.23,28.24,28.25,28.26,28.27,2900,1500,2100,1000,1300,200,2400,500,2000,500,1600,200,3600,1000,600,300,400,500,700,800
374.0,28.15,66200,1868684.0,28.13,28.1,28.09,28.08,28.04,28.01,28.0,27.93,27.9,27.89,28.15,28.17,28.18,28.19,28.21,28.23,28.24,28.25,28.26,28.27,2900,1500,2100,1000,1300,200,2400,500,2000,500,1600,200,3600,1000,600,300,400,500,700,800
375.0,28.13,66400,1874312.0,28.13,28.1,28.09,28.08,28.04,28.02,28.01,28.0,27.93,27.9,28.15,28.17,28.18,28.19,28.21,28.23,28.24,28.25,28.28,28.29,2800,1500,2100,1000,1300,100,200,2400,500,2000,1500,200,3600,1000,100,300,400,100,500,2400
376.0,28.13,66400,1874312.0,28.13,28.1,28.09,28.08,28.04,28.02,28.01,28.0,27.93,27.9,28.14,28.15,28.17,28.18,28.19,28.21,28.23,28.24,28.25,28.28,2800,1500,2100,1000,1300,100,200,2400,500,2000,400,200,100,3600,1000,100,300,400,100,500
377.0,28.13,66900,1888377.0,28.13,28.12,28.1,28.09,28.08,28.04,28.02,28.01,28.0,27.93,28.14,28.15,28.17,28.18,28.19,28.21,28.23,28.24,28.25,28.28,2300,2000,1500,2100,1000,1300,100,200,2400,500,400,200,100,3600,1000,100,300,400,100,500
378.0,28.13,66900,1888377.0,28.13,28.12,28.1,28.09,28.08,28.04,28.02,28.01,28.0,27.93,28.14,28.15,28.17,28.18,28.19,28.21,28.23,28.24,28.25,28.28,2300,2000,1500,2100,1000,1300,100,200,2400,500,400,200,100,3600,1000,100,300,400,100,500
379.0,28.13,66900,1888377.0,28.13,28.12,28.1,28.09,28.08,28.04,28.02,28.01,28.0,27.93,28.14,28.15,28.17,28.18,28.19,28.21,28.23,28.25,28.28,28.29,2300,2000,1500,2100,1000,1300,100,3800,2400,500,400,200,100,3600,1000,100,300,100,500,2400
380.0,28.15,67500,1905263.0,28.13,28.12,28.1,28.09,28.08,28.04,28.02,28.01,28.0,27.93,28.17,28.18,28.19,28.21,28.23,28.25,28.28,28.29,28.3,28.31,2300,2000,1500,2100,1000,1300,100,3800,2400,500,100,3600,1000,100,300,100,500,2400,300,200
381.0,28.13,68500,1933393.0,28.13,28.12,28.1,28.09,28.08,28.04,28.02,28.01,28.0,27.93,28.17,28.18,28.19,28.21,28.23,28.25,28.28,28.29,28.3,28.31,1300,2000,1500,2100,1000,1300,100,3800,2400,500,100,3600,1000,100,300,100,500,2400,300,200
382.0,28.13,68500,1933393.0,28.13,28.12,28.1,28.09,28.08,28.04,28.02,28.01,28.0,27.93,28.17,28.18,28.19,28.21,28.23,28.25,28.28,28.29,28.3,28.31,1400,2000,1500,2100,1000,1300,100,3800,2400,500,200,3600,1000,100,300,100,500,2400,300,200
383.0,28.13,68500,1933393.0,28.13,28.12,28.1,28.09,28.08,28.04,28.02,28.01,28.0,27.93,28.17,28.18,28.19,28.21,28.23,28.25,28.28,28.29,28.3,28.31,1400,2000,1500,2100,1000,1300,100,3800,2400,500,200,3600,1000,100,300,100,500,2400,300,200
384.0,28.13,68500,1933393.0,28.14,28.13,28.12,28.1,28.09,28.08,28.04,28.02,28.01,28.0,28.17,28.18,28.19,28.21,28.23,28.25,28.28,28.29,28.3,28.31,500,1400,2000,1500,2100,1000,1300,100,3800,2400,200,3600,1000,100,300,100,500,2400,300,200
385.0,28.13,68500,1933393.0,28.14,28.13,28.12,28.1,28.09,28.08,28.04,28.02,28.01,28.0,28.17,28.18,28.19,28.21,28.23,28.25,28.28,28.29,28.3,28.31,500,1400,2000,1500,2100,1000,1300,100,3800,2400,200,3600,1000,100,300,100,500,2400,300,200
386.0,28.13,68500,1933393.0,28.14,28.13,28.12,28.1,28.09,28.08,28.04,28.02,28.01,28.0,28.17,28.18,28.19,28.21,28.23,28.25,28.28,28.29,28.3,28.31,500,1400,2000,1500,2100,1000,1300,100,3800,2400,200,3600,1000,100,300,100,500,2400,300,200
387.0,28.13,68500,1933393.0,28.14,28.13,28.12,28.1,28.09,28.08,28.04,28.02,28.01,28.0,28.17,28.18,28.19,28.21,28.23,28.25,28.28,28.29,28.3,28.31,500,1400,2000,1500,2100,1000,1300,100,3800,2400,200,3600,1000,100,300,100,500,2400,300,200
388.0,28.13,68500,1933393.0,28.14,28.13,28.12,28.1,28.09,28.08,28.04,28.02,28.01,28.0,28.17,28.18,28.19,28.21,28.23,28.25,28.28,28.29,28.3,28.31,500,1400,2000,1500,2100,1000,1300,100,3800,2400,200,3600,1000,100,300,100,500,2400,300,200
389.0,28.13,68500,1933393.0,28.14,28.13,28.12,28.1,28.09,28.08,28.04,28.02,28.01,28.0,28.17,28.18,28.19,28.21,28.23,28.25,28.28,28.29,28.3,28.31,500,1400,2000,1500,2100,1000,1300,100,3800,2400,200,3600,1000,100,300,100,500,2400,300,200
390.0,28.13,68500,1933393.0,28.14,28.13,28.12,28.1,28.09,28.08,28.04,28.02,28.01,28.0,28.17,28.18,28.19,28.21,28.23,28.25,28.28,28.29,28.3,28.31,500,1400,2000,1500,2100,1000,1300,100,3800,1800,200,3600,1000,100,300,100,500,2400,300,200
391.0,28.13,68500,1933393.0,28.14,28.13,28.12,28.1,28.09,28.08,28.04,28.02,28.01,28.0,28.17,28.18,28.19,28.21,28.23,28.25,28.28,28.29,28.3,28.31,500,1400,2000,1500,2100,1000,1300,100,3800,1800,200,3600,1000,100,300,100,500,2400,300,200
392.0,28.13,68500,1933393.0,28.14,28.13,28.12,28.1,28.09,28.08,28.04,28.02,28.01,28.0,28.17,28.18,28.19,28.21,28.23,28.25,28.28,28.29,28.3,28.31,500,1400,2000,1500,2100,1000,1300,100,3800,1800,200,3600,1000,100,300,100,500,2400,300,200
393.0,28.14,69100,1950277.0,28.13,28.12,28.1,28.09,28.08,28.04,28.02,28.01,28.0,27.93,28.14,28.17,28.18,28.19,28.21,28.23,28.25,28.28,28.29,28.3,1400,2000,1500,2100,1000,1300,100,3800,1800,500,12700,200,3600,1000,100,300,100,500,2400,300
394.0,28.14,69400,1958719.0,28.13,28.12,28.1,28.09,28.08,28.04,28.02,28.01,28.0,27.93,28.14,28.17,28.18,28.19,28.21,28.23,28.25,28.28,28.29,28.3,1400,2000,1500,2100,1000,1300,100,3800,1800,500,12400,200,3600,1000,100,300,100,500,2400,300
395.0,28.14,69400,1958719.0,28.13,28.12,28.1,28.09,28.08,28.04,28.02,28.01,28.0,27.93,28.14,28.17,28.18,28.19,28.21,28.23,28.25,28.28,28.29,28.3,1400,2000,1500,2100,1000,1300,100,3800,1800,500,12400,200,3600,1000,100,300,100,500,2400,300
396.0,28.14,69700,1967161.0,28.13,28.12,28.1,28.09,28.08,28.04,28.02,28.01,28.0,27.93,28.14,28.17,28.18,28.19,28.21,28.23,28.25,28.28,28.29,28.3,1400,2000,1500,2100,1000,1300,100,3800,1800,500,12100,200,3600,1000,100,300,100,500,2400,300
397.0,28.14,69700,1967161.0,28.13,28.12,28.1,28.09,28.08,28.04,28.02,28.01,28.0,27.93,28.14,28.17,28.18,28.19,28.21,28.23,28.25,28.28,28.29,28.3,1400,2000,1500,2100,1000,1300,100,3800,1800,500,12100,200,3600,1000,100,300,100,500,2400,300
398.0,28.13,69900,1972787.0,28.13,28.12,28.1,28.09,28.08,28.04,28.02,28.01,28.0,27.93,28.14,28.17,28.19,28.21,28.23,28.25,28.28,28.29,28.3,28.31,1200,2000,1500,2100,1000,1300,100,3800,1800,500,12100,200,1000,100,300,100,500,2400,300,200
399.0,28.14,70200,1981229.0,28.13,28.12,28.1,28.09,28.08,28.04,28.02,28.01,28.0,27.93,28.14,28.17,28.19,28.21,28.23,28.25,28.28,28.29,28.3,28.31,1200,2000,1500,2100,1000,1300,100,3800,1800,500,11800,200,1000,100,300,100,500,2400,300,200
400.0,28.14,71100,2006555.0,28.13,28.12,28.1,28.09,28.08,28.04,28.02,28.01,28.0,27.93,28.14,28.17,28.19,28.21,28.23,28.25,28.28,28.29,28.3,28.31,1200,2000,1500,2100,1000,1300,100,3800,1800,500,10900,200,1000,100,300,100,500,2400,300,200
401.0,28.14,71400,2014997.0,28.13,28.12,28.1,28.09,28.08,28.04,28.02,28.01,28.0,27.93,28.14,28.17,28.19,28.21,28.23,28.25,28.28,28.29,28.3,28.31,1200,2000,1500,2100,1000,1300,100,3800,1800,500,10600,200,1000,100,300,100,500,2400,300,200
402.0,28.17,82100,2316098.0,28.14,28.13,28.12,28.1,28.09,28.08,28.04,28.02,28.01,28.0,28.17,28.19,28.21,28.23,28.25,28.28,28.29,28.3,28.31,28.32,2600,1200,2000,1500,2100,1000,1300,100,3800,1800,100,1000,100,300,100,500,2400,300,200,300
403.0,28.17,82100,2316098.0,28.14,28.13,28.12,28.1,28.09,28.08,28.04,28.02,28.01,28.0,28.17,28.19,28.21,28.23,28.25,28.28,28.29,28.3,28.31,28.32,2700,1200,2000,1500,2100,1000,1300,100,3800,1800,100,1000,100,300,100,500,2400,300,200,300
404.0,28.17,82100,2316098.0,28.14,28.13,28.12,28.1,28.09,28.08,28.04,28.02,28.01,28.0,28.17,28.19,28.21,28.23,28.25,28.28,28.29,28.3,28.31,28.32,2700,1200,2000,1500,2100,1000,1300,100,3800,1800,100,1000,100,300,100,500,2400,300,200,300
405.0,28.17,82100,2316098.0,28.14,28.13,28.12,28.1,28.09,28.08,28.04,28.02,28.01,28.0,28.17,28.21,28.23,28.25,28.28,28.29,28.3,28.31,28.32,28.33,2700,1200,2000,1500,2100,1000,1300,100,3800,1800,100,100,300,100,500,2400,300,200,300,100
406.0,28.17,82100,2316098.0,28.14,28.13,28.12,28.11,28.1,28.09,28.08,28.04,28.02,28.01,28.17,28.21,28.23,28.25,28.28,28.29,28.3,28.31,28.32,28.33,2700,1200,2000,1000,1500,2100,1000,1300,100,3800,100,100,300,100,500,2400,300,200,300,100
407.0,28.17,82100,2316098.0,28.14,28.13,28.12,28.11,28.1,28.09,28.08,28.04,28.02,28.01,28.17,28.21,28.23,28.25,28.28,28.29,28.3,28.31,28.32,28.33,100,1200,2000,1000,1500,2100,1000,1300,100,3800,100,100,300,100,500,2400,300,200,300,100
408.0,28.17,82100,2316098.0,28.14,28.13,28.12,28.11,28.1,28.09,28.08,28.04,28.02,28.01,28.17,28.21,28.23,28.25,28.28,28.29,28.3,28.31,28.32,28.33,100,1200,2000,1000,1500,2100,1000,1300,100,3800,100,100,300,100,500,2400,300,200,300,100
409.0,28.17,82100,2316098.0,28.14,28.13,28.12,28.11,28.1,28.09,28.08,28.04,28.02,28.01,28.17,28.21,28.23,28.25,28.28,28.29,28.3,28.31,28.32,28.33,100,1200,2000,1000,1500,2100,1000,1300,100,3800,100,100,300,100,500,2400,300,200,300,100
410.0,28.17,82100,2316098.0,28.14,28.13,28.12,28.11,28.1,28.09,28.08,28.04,28.02,28.01,28.17,28.21,28.23,28.25,28.28,28.29,28.3,28.31,28.32,28.33,100,1200,2000,1000,1500,2100,1000,1300,100,3800,100,100,300,100,500,2400,300,200,300,100
411.0,28.17,82100,2316098.0,28.14,28.13,28.12,28.11,28.1,28.09,28.08,28.04,28.02,28.01,28.17,28.21,28.23,28.25,28.28,28.29,28.3,28.31,28.32,28.33,100,1200,2000,1000,1500,2100,1000,1300,100,3800,100,100,300,100,500,2400,300,200,300,100
412.0,28.17,82100,2316098.0,28.14,28.13,28.12,28.11,28.1,28.09,28.08,28.04,28.02,28.01,28.17,28.21,28.23,28.25,28.28,28.29,28.3,28.31,28.32,28.33,100,1200,2000,1000,1500,2100,1000,1300,100,3800,100,100,300,100,500,2400,300,200,300,100
413.0,28.17,82100,2316098.0,28.14,28.13,28.12,28.11,28.1,28.09,28.08,28.04,28.02,28.01,28.17,28.21,28.23,28.25,28.28,28.29,28.3,28.31,28.32,28.33,100,1200,2000,1000,1500,2100,1000,1300,100,3800,100,100,300,100,500,2400,300,200,300,100
414.0,28.17,82100,2316098.0,28.14,28.13,28.12,28.11,28.1,28.09,28.08,28.04,28.02,28.01,28.17,28.21,28.23,28.25,28.28,28.29,28.3,28.31,28.32,28.33,100,1200,2000,1000,1500,2100,1000,1300,100,3800,100,100,300,100,500,2400,300,200,300,100
415.0,28.17,82100,2316098.0,28.14,28.13,28.12,28.11,28.1,28.09,28.08,28.04,28.02,28.01,28.17,28.21,28.23,28.25,28.28,28.29,28.3,28.31,28.32,28.33,100,1200,2000,1000,1500,2100,1000,1300,100,3800,100,100,300,100,500,2400,300,200,300,100
416.0,28.17,82100,2316098.0,28.14,28.13,28.12,28.11,28.1,28.09,28.08,28.04,28.02,28.01,28.17,28.21,28.23,28.25,28.28,28.29,28.3,28.31,28.32,28.33,100,1200,2000,1000,1500,2100,1000,1300,100,3800,100,100,300,100,500,2400,300,200,300,100
417.0,28.17,82100,2316098.0,28.14,28.13,28.12,28.11,28.1,28.09,28.08,28.04,28.02,28.01,28.17,28.21,28.23,28.25,28.28,28.29,28.3,28.31,28.32,28.33,100,1200,2000,1000,1500,2100,1000,1300,100,3800,100,100,300,100,500,2400,300,200,300,100
418.0,28.17,82100,2316098.0,28.14,28.13,28.12,28.11,28.1,28.09,28.08,28.04,28.02,28.01,28.17,28.21,28.23,28.25,28.28,28.29,28.3,28.31,28.32,28.33,100,1200,2000,1000,1500,2100,1000,1300,100,3800,100,1100,300,100,4100,2400,300,200,300,100
419.0,28.17,82100,2316098.0,28.14,28.13,28.12,28.11,28.1,28.09,28.08,28.04,28.02,28.01,28.17,28.21,28.23,28.25,28.28,28.29,28.3,28.31,28.32,28.33,100,1200,2000,1000,1500,2100,1000,1300,100,3800,100,1700,300,100,4100,2400,300,200,300,100
420.0,28.17,82100,2316098.0,28.14,28.13,28.12,28.11,28.1,28.09,28.08,28.04,28.02,28.01,28.17,28.21,28.23,28.25,28.28,28.29,28.3,28.31,28.32,28.33,100,1200,2000,1000,1500,2100,1000,1300,100,3800,100,1700,300,100,4100,2400,300,200,300,100
421.0,28.17,82100,2316098.0,28.14,28.13,28.12,28.11,28.1,28.09,28.08,28.04,28.02,28.01,28.17,28.21,28.23,28.25,28.28,28.29,28.3,28.31,28.32,28.33,100,1200,2000,1000,1500,2100,1000,1300,100,3800,100,1700,300,100,4100,2400,300,200,300,100
