LocalTime,LastPrice,TradeVolume,TradeValue,BidPrice1,BidPrice2,BidPrice3,BidPrice4,BidPrice5,BidPrice6,BidPrice7,BidPrice8,BidPrice9,BidPriceA,AskPrice1,AskPrice2,AskPrice3,AskPrice4,AskPrice5,AskPrice6,AskPrice7,AskPrice8,AskPrice9,AskPriceA,BidVolume1,BidVolume2,BidVolume3,BidVolume4,BidVolume5,BidVolume6,BidVolume7,BidVolume8,BidVolume9,BidVolumeA,AskVolume1,AskVolume2,AskVolume3,AskVolume4,AskVolume5,AskVolume6,AskVolume7,AskVolume8,AskVolume9,AskVolumeA
0.0,9.25,18300,169275.0,9.25,9.24,9.22,9.21,9.2,9.19,9.16,9.15,9.14,9.13,9.28,9.3,9.34,9.35,9.36,9.38,9.39,9.4,9.43,9.44,11300,3300,1300,14300,8600,5000,33300,9300,8400,10700,5100,14000,1500,2500,5600,24000,27700,4000,20000,800
1.0,9.25,18300,169275.0,9.26,9.25,9.24,9.22,9.21,9.2,9.19,9.16,9.15,9.14,9.27,9.28,9.3,9.34,9.35,9.36,9.38,9.39,9.4,9.43,6000,11700,3300,5400,14300,8600,5000,33300,9300,8400,1000,5100,14000,1500,2500,5600,24000,27700,4000,20000
2.0,9.25,24800,229460.0,9.25,9.24,9.22,9.21,9.2,9.19,9.17,9.16,9.15,9.14,9.27,9.28,9.3,9.34,9.35,9.36,9.37,9.38,9.39,9.4,11200,3000,5400,14300,11100,5000,2000,33300,9300,8400,1000,5200,14000,1500,3500,5800,500,24000,27700,4000
3.0,9.25,35400,327599.0,9.25,9.24,9.22,9.21,9.2,9.19,9.17,9.16,9.15,9.14,9.28,9.3,9.34,9.35,9.36,9.37,9.38,9.39,9.4,9.41,3900,3000,12600,14300,13100,8000,2000,33300,14300,8400,3900,14000,1500,3500,5800,500,24000,27700,4300,18500
4.0,9.3,40900,378671.0,9.28,9.25,9.24,9.22,9.21,9.2,9.19,9.18,9.17,9.16,9.3,9.34,9.35,9.36,9.37,9.38,9.39,9.4,9.41,9.43,1100,5300,3000,12600,14300,13600,8000,1000,2000,33300,12400,1500,3800,5800,500,24000,27700,8600,18500,20000
5.0,9.3,40900,378671.0,9.28,9.25,9.24,9.23,9.22,9.21,9.2,9.19,9.18,9.17,9.3,9.34,9.35,9.36,9.37,9.38,9.39,9.4,9.41,9.43,2400,11900,3000,2200,12600,14300,19600,8200,2000,2000,12400,1500,3800,5800,500,24000,27700,8600,18500,20000
6.0,9.28,41200,381455.0,9.28,9.27,9.25,9.24,9.23,9.22,9.21,9.2,9.19,9.18,9.29,9.3,9.34,9.35,9.36,9.37,9.38,9.39,9.4,9.41,2100,2400,12900,3200,2200,12600,14300,24600,8200,2000,700,13400,1900,3800,5800,500,24000,31700,13600,18500
7.0,9.27,44800,414851.0,9.27,9.26,9.25,9.24,9.22,9.21,9.2,9.19,9.18,9.17,9.28,9.29,9.3,9.34,9.35,9.36,9.37,9.38,9.39,9.4,1200,500,12900,3200,12700,14300,24600,8200,2000,2000,2100,700,12400,7700,3800,5800,500,24000,31700,13600
8.0,9.27,44800,414851.0,9.27,9.26,9.25,9.24,9.23,9.22,9.21,9.2,9.19,9.18,9.28,9.29,9.3,9.34,9.35,9.36,9.37,9.38,9.39,9.4,1200,500,13000,3200,600,12700,14300,24600,8200,2000,2300,700,12400,7700,3800,6800,500,25600,31700,13600
9.0,9.27,44800,414851.0,9.27,9.26,9.25,9.24,9.23,9.22,9.21,9.2,9.19,9.18,9.28,9.29,9.3,9.34,9.35,9.36,9.37,9.38,9.39,9.4,1200,600,13000,3200,800,13800,14300,24600,8200,2000,2300,2000,13700,7700,3800,23500,500,25600,31700,13600
10.0,9.27,44800,414851.0,9.27,9.26,9.25,9.24,9.23,9.22,9.21,9.2,9.19,9.18,9.28,9.29,9.3,9.34,9.35,9.36,9.37,9.38,9.39,9.4,1200,3600,15000,3200,800,13800,14300,24600,8200,2000,2300,2000,13700,7700,3800,24800,500,25600,31700,13600
11.0,9.28,45300,419491.0,9.27,9.26,9.25,9.24,9.23,9.22,9.21,9.2,9.19,9.18,9.28,9.29,9.3,9.34,9.35,9.36,9.37,9.38,9.39,9.4,1200,3600,15000,3200,800,13800,16300,24600,8200,2000,6800,2000,13700,7700,3800,24800,500,25900,31700,13600
12.0,9.28,45300,419491.0,9.27,9.26,9.25,9.24,9.23,9.22,9.21,9.2,9.19,9.18,9.28,9.29,9.3,9.34,9.35,9.36,9.37,9.38,9.39,9.4,1200,3600,15000,3200,800,13800,16300,24600,11200,2000,6800,2000,13700,7700,3800,24800,500,25900,31700,13600
13.0,9.28,48600,450115.0,9.27,9.26,9.25,9.24,9.23,9.22,9.21,9.2,9.19,9.18,9.28,9.29,9.3,9.34,9.35,9.36,9.37,9.38,9.39,9.4,1200,3600,15000,3200,17200,13800,16300,24600,11200,2000,3500,2000,13700,7700,3800,24800,500,25900,31700,13600
14.0,9.28,48700,451043.0,9.27,9.26,9.25,9.24,9.23,9.22,9.21,9.2,9.19,9.18,9.28,9.29,9.3,9.34,9.35,9.36,9.37,9.38,9.39,9.4,1200,3600,15000,3200,17200,13800,16300,24600,11000,3000,3400,2000,13700,7700,3800,24800,500,25900,31700,13600
15.0,9.28,48700,451043.0,9.27,9.26,9.25,9.24,9.23,9.22,9.21,9.2,9.19,9.18,9.28,9.29,9.3,9.34,9.35,9.36,9.37,9.38,9.39,9.4,1200,3600,15000,3200,17200,13800,16300,24600,11000,3000,3400,2000,13700,7700,3800,24800,500,25900,31700,13600
16.0,9.28,48700,451043.0,9.27,9.26,9.25,9.24,9.23,9.22,9.21,9.2,9.19,9.18,9.28,9.29,9.3,9.34,9.35,9.36,9.37,9.38,9.39,9.4,1200,3600,15000,3200,17200,13800,16300,24600,11000,3000,3400,2000,13700,7700,3800,24800,500,25900,31700,13600
17.0,9.28,48700,451043.0,9.27,9.26,9.25,9.24,9.23,9.22,9.21,9.2,9.19,9.18,9.28,9.29,9.3,9.34,9.35,9.36,9.37,9.38,9.39,9.4,1200,3600,15000,3200,17200,13800,16300,24600,11000,3000,3400,2000,13700,7700,3800,24800,500,25900,31700,13600
18.0,9.28,48800,451971.0,9.27,9.26,9.25,9.24,9.23,9.22,9.21,9.2,9.19,9.18,9.28,9.29,9.3,9.34,9.35,9.36,9.37,9.38,9.39,9.4,5200,3500,15000,3200,17200,13800,16300,24600,11000,3000,3300,2000,13700,7700,3800,24800,500,25900,31700,13600
19.0,9.28,48800,451971.0,9.27,9.26,9.25,9.24,9.23,9.22,9.21,9.2,9.19,9.18,9.28,9.29,9.3,9.34,9.35,9.36,9.37,9.38,9.39,9.4,8700,3500,15000,3200,17200,13800,16300,24600,11000,3000,3300,2000,13700,7700,3800,24800,500,25900,31700,13600
20.0,9.28,52100,482595.0,9.28,9.27,9.26,9.25,9.24,9.23,9.22,9.21,9.2,9.19,9.29,9.3,9.34,9.35,9.36,9.37,9.38,9.39,9.4,9.41,1500,8700,3500,15000,3200,17200,13800,16300,24600,11000,2000,13700,7700,3800,24800,500,25900,31700,13600,18500
21.0,9.28,55200,511373.0,9.27,9.26,9.25,9.24,9.23,9.22,9.21,9.2,9.19,9.18,9.28,9.29,9.3,9.34,9.35,9.36,9.37,9.38,9.39,9.4,8700,3500,15000,3200,17200,13800,16300,24600,11000,3000,400,2500,13700,7700,3800,24800,500,25900,31700,13600
22.0,9.28,55200,511373.0,9.27,9.26,9.25,9.24,9.23,9.22,9.21,9.2,9.19,9.18,9.28,9.29,9.3,9.34,9.35,9.36,9.37,9.38,9.39,9.4,8700,3500,15000,3200,17200,13800,16300,24600,11000,3000,400,2500,13700,7700,3800,24800,500,25900,31700,13600
23.0,9.28,55600,515085.0,9.28,9.27,9.26,9.25,9.24,9.23,9.22,9.21,9.2,9.19,9.29,9.3,9.34,9.35,9.36,9.37,9.38,9.39,9.4,9.41,200,8700,3500,15000,3200,17200,13800,16300,24600,11000,2500,13700,7700,3800,24800,500,25900,31700,13600,18500
24.0,9.28,55600,515085.0,9.28,9.27,9.26,9.25,9.24,9.23,9.22,9.21,9.2,9.19,9.29,9.3,9.34,9.35,9.36,9.37,9.38,9.39,9.4,9.41,900,8700,3500,15000,3200,17200,13800,16300,24600,11000,2500,13700,7700,3800,24800,500,26100,31700,13600,18500
25.0,9.28,56400,522509.0,9.28,9.27,9.26,9.25,9.24,9.23,9.22,9.21,9.2,9.19,9.29,9.3,9.34,9.35,9.36,9.37,9.38,9.39,9.4,9.41,100,8700,3500,15000,3200,17200,13800,16300,24600,11000,2500,13700,7700,3800,24800,500,26100,31700,13600,18500
26.0,9.28,56400,522509.0,9.28,9.27,9.26,9.25,9.24,9.23,9.22,9.21,9.2,9.19,9.29,9.3,9.34,9.35,9.36,9.37,9.38,9.39,9.4,9.41,100,8700,3500,15000,3200,17200,13800,16300,24600,11000,2500,13700,7700,3800,24800,500,26100,31700,13600,18500
27.0,9.28,56400,522509.0,9.28,9.27,9.26,9.25,9.24,9.23,9.22,9.21,9.2,9.19,9.29,9.3,9.34,9.35,9.36,9.37,9.38,9.39,9.4,9.41,200,8700,3500,15000,3200,17200,13800,16300,24600,11000,2500,13700,7700,3800,24800,500,26100,31700,13600,18500
28.0,9.29,58900,545734.0,9.29,9.28,9.27,9.26,9.25,9.24,9.23,9.22,9.21,9.2,9.3,9.34,9.35,9.36,9.37,9.38,9.39,9.4,9.41,9.43,1100,200,8700,3500,15000,3200,16400,13800,16300,24600,13700,7700,3800,24800,500,26100,31700,13600,18500,20000
29.0,9.29,58900,545734.0,9.29,9.28,9.27,9.26,9.25,9.24,9.23,9.22,9.21,9.2,9.3,9.34,9.35,9.36,9.37,9.38,9.39,9.4,9.41,9.43,1100,200,8700,3500,15000,3200,16400,13800,16300,24600,13700,7700,3800,24800,500,26100,31700,13600,18500,20000
30.0,9.29,58900,545734.0,9.29,9.28,9.27,9.26,9.25,9.24,9.23,9.22,9.21,9.2,9.3,9.34,9.35,9.36,9.37,9.38,9.39,9.4,9.41,9.43,1100,200,8700,3500,15000,3200,16400,13800,16300,24600,13700,7700,3800,24800,500,26100,31700,13600,18500,20000
31.0,9.29,60000,555953.0,9.28,9.27,9.26,9.25,9.24,9.23,9.22,9.21,9.2,9.19,9.29,9.3,9.34,9.35,9.36,9.37,9.38,9.39,9.4,9.41,200,8700,3500,15000,3200,16400,13800,16300,24600,11000,1400,12400,7700,3800,24800,500,26100,31700,13600,18500
32.0,9.29,61000,565243.0,9.28,9.27,9.26,9.25,9.24,9.23,9.22,9.21,9.2,9.19,9.29,9.3,9.34,9.35,9.36,9.37,9.38,9.39,9.4,9.41,600,7700,3500,15000,3200,16400,13800,16300,24600,11000,400,12400,7700,3800,24800,500,26100,31700,13600,18500
33.0,9.3,73800,684279.0,9.3,9.29,9.28,9.27,9.26,9.25,9.24,9.23,9.22,9.21,9.33,9.34,9.35,9.36,9.37,9.38,9.39,9.4,9.41,9.43,600,3600,800,7700,3500,15000,3200,16400,13800,16300,1800,8000,3800,24800,500,26100,31700,13600,18500,20000
34.0,9.3,73900,685209.0,9.3,9.28,9.27,9.26,9.25,9.24,9.23,9.22,9.21,9.2,9.32,9.33,9.34,9.35,9.36,9.37,9.38,9.39,9.4,9.41,7200,800,7700,3500,15000,3200,16400,13800,16300,24600,600,1800,8000,3800,24800,500,26100,31700,13600,18500
35.0,9.3,80900,750309.0,9.31,9.3,9.28,9.27,9.26,9.25,9.24,9.23,9.22,9.21,9.32,9.33,9.34,9.35,9.36,9.37,9.38,9.39,9.4,9.41,5400,200,800,6700,3500,15000,3200,16400,13800,16300,1900,1800,8000,3800,24800,500,26100,31700,13600,18500
36.0,9.3,80900,750309.0,9.31,9.3,9.28,9.27,9.26,9.25,9.24,9.23,9.22,9.21,9.32,9.33,9.34,9.35,9.36,9.37,9.38,9.39,9.4,9.41,5500,200,800,6700,3500,15000,3200,16400,13800,16300,1300,1800,8000,3800,24800,500,26100,31700,14600,18500
37.0,9.3,80900,750309.0,9.31,9.3,9.28,9.27,9.26,9.25,9.24,9.23,9.22,9.21,9.32,9.33,9.34,9.35,9.36,9.37,9.38,9.39,9.4,9.41,5500,200,700,6700,3500,15000,3200,16400,13800,16300,3500,1800,8000,14200,24800,500,26100,31700,14600,18500
38.0,9.31,81400,754964.0,9.31,9.3,9.28,9.27,9.26,9.25,9.24,9.23,9.22,9.21,9.32,9.33,9.34,9.35,9.36,9.37,9.38,9.39,9.4,9.41,5000,200,700,6700,3500,15000,3200,16400,13800,16300,3500,1800,8000,14200,24800,500,26100,31700,14600,18500
39.0,9.32,82000,760551.0,9.31,9.3,9.28,9.27,9.26,9.25,9.24,9.23,9.22,9.21,9.32,9.33,9.34,9.35,9.36,9.37,9.38,9.39,9.4,9.41,4500,200,300,6700,3500,15000,3200,16400,13800,16300,3400,1800,8000,14200,24800,500,26100,31700,14600,18500
40.0,9.32,82000,760551.0,9.31,9.3,9.28,9.27,9.26,9.25,9.24,9.23,9.22,9.21,9.32,9.33,9.34,9.35,9.36,9.37,9.38,9.39,9.4,9.41,4500,200,300,6700,3500,16000,3200,16400,13800,16300,3400,1800,8000,14200,24800,500,26100,31700,14600,18500
41.0,9.32,88400,820175.0,9.32,9.31,9.3,9.28,9.27,9.26,9.25,9.24,9.23,9.22,9.33,9.34,9.35,9.36,9.37,9.38,9.39,9.4,9.41,9.43,2200,2100,200,300,6700,3500,16000,3200,16400,13800,1800,8000,14200,24800,500,26100,31700,14600,18500,20000
42.0,9.32,88400,820175.0,9.32,9.31,9.3,9.28,9.27,9.26,9.25,9.24,9.23,9.22,9.33,9.34,9.35,9.36,9.37,9.38,9.39,9.4,9.41,9.43,2200,2100,200,300,6700,3500,16000,3200,16400,13800,1800,8000,14200,24800,500,26100,31700,14600,18500,20000
43.0,9.32,88800,823903.0,9.32,9.31,9.3,9.28,9.27,9.26,9.25,9.24,9.23,9.22,9.33,9.34,9.35,9.36,9.37,9.38,9.39,9.4,9.41,9.43,1800,2100,200,300,6700,3500,16000,3200,16400,13800,1800,8000,14200,24800,500,26100,31700,14600,18500,20000
44.0,9.32,89300,828566.0,9.32,9.31,9.3,9.28,9.27,9.26,9.25,9.24,9.23,9.22,9.33,9.34,9.35,9.36,9.37,9.38,9.39,9.4,9.41,9.43,1600,2100,200,300,6700,3500,16000,3200,16400,13800,1500,8000,14200,24800,500,26100,31700,14700,18500,20000
45.0,9.32,89300,828566.0,9.32,9.31,9.3,9.28,9.27,9.26,9.25,9.24,9.23,9.22,9.33,9.34,9.35,9.36,9.37,9.38,9.39,9.4,9.41,9.43,1600,2100,200,300,6700,3500,16000,3200,16400,13800,1500,8500,14200,24800,500,26100,31700,14700,18500,20000
46.0,9.32,89400,829498.0,9.32,9.31,9.3,9.28,9.27,9.26,9.25,9.24,9.23,9.22,9.33,9.34,9.35,9.36,9.37,9.38,9.39,9.4,9.41,9.43,1500,2100,100,900,6700,3500,16000,3200,16400,13800,1500,8500,15200,24800,500,26100,31700,15900,18500,20000
47.0,9.33,89600,831363.0,9.32,9.31,9.3,9.28,9.27,9.26,9.25,9.24,9.23,9.22,9.33,9.34,9.35,9.36,9.37,9.38,9.39,9.4,9.41,9.43,1400,2100,100,900,6700,3500,16000,3200,16400,13800,1400,8500,15200,24800,500,26100,31700,15900,18500,20000
48.0,9.33,91000,844425.0,9.33,9.32,9.31,9.3,9.28,9.27,9.26,9.25,9.24,9.23,9.34,9.35,9.36,9.37,9.38,9.39,9.4,9.41,9.43,9.44,1100,1400,2100,100,900,6700,8500,16000,3200,16400,8500,15200,24800,500,26100,31700,15900,18500,20000,5800
49.0,9.33,92100,854688.0,9.32,9.31,9.3,9.28,9.27,9.26,9.25,9.24,9.23,9.22,9.33,9.34,9.35,9.36,9.37,9.38,9.39,9.4,9.41,9.43,1400,2100,2600,900,6700,8500,16000,3200,16400,13800,900,8500,15200,24800,500,26100,31700,15900,18500,20000
50.0,9.33,93300,865883.0,9.32,9.31,9.3,9.28,9.27,9.26,9.25,9.24,9.23,9.22,9.33,9.34,9.35,9.36,9.37,9.38,9.39,9.4,9.41,9.43,1300,2100,2600,900,6700,8500,16000,3200,16400,13800,2400,8500,15200,24800,500,26100,31700,15900,18500,20000
51.0,9.33,93300,865883.0,9.32,9.31,9.3,9.28,9.27,9.26,9.25,9.24,9.23,9.22,9.33,9.34,9.35,9.36,9.37,9.38,9.39,9.4,9.41,9.43,1300,2100,2600,900,6700,8500,16000,3200,16400,13800,2400,8500,15200,24800,500,26100,31700,15900,18500,20000
52.0,9.33,93600,868682.0,9.32,9.31,9.3,9.28,9.27,9.26,9.25,9.24,9.23,9.22,9.33,9.34,9.35,9.36,9.37,9.38,9.39,9.4,9.41,9.43,1300,2100,2600,900,6700,8500,16000,3200,16400,13800,2100,8500,15200,24800,500,26100,31300,15900,18500,20000
53.0,9.33,99200,920888.0,9.31,9.3,9.28,9.27,9.26,9.25,9.24,9.23,9.22,9.21,9.33,9.34,9.35,9.36,9.37,9.38,9.39,9.4,9.41,9.43,2100,2600,900,6700,8500,16000,3200,16400,13800,16300,9900,18500,15200,24800,500,26100,31300,15900,18500,20000
54.0,9.33,99700,925553.0,9.31,9.3,9.28,9.27,9.26,9.25,9.24,9.23,9.22,9.21,9.32,9.33,9.34,9.35,9.36,9.37,9.38,9.39,9.4,9.41,2100,2600,900,6700,8500,16000,3200,16400,13800,16300,1100,9400,18500,15200,24800,500,26100,31300,15900,18500
55.0,9.31,100100,929277.0,9.31,9.3,9.28,9.27,9.26,9.25,9.24,9.23,9.22,9.21,9.32,9.33,9.34,9.35,9.36,9.37,9.38,9.39,9.4,9.41,1700,2600,900,6700,8500,16000,3200,16400,13800,16300,1100,9400,18500,15200,24800,500,26100,31300,15900,18500
56.0,9.31,100200,930208.0,9.31,9.3,9.28,9.27,9.26,9.25,9.24,9.23,9.22,9.21,9.32,9.33,9.34,9.35,9.36,9.37,9.38,9.39,9.4,9.41,1600,2600,900,6700,8500,16000,3200,16400,13800,16300,1500,9400,18500,15200,24800,500,26100,31300,15900,18500
57.0,9.32,104100,966556.0,9.32,9.31,9.3,9.28,9.27,9.26,9.25,9.24,9.23,9.22,9.33,9.34,9.35,9.36,9.37,9.38,9.39,9.4,9.41,9.43,3300,1600,2600,900,6700,8500,16000,3200,16400,13800,9400,18500,15200,24800,500,26100,31300,15900,18500,20000
58.0,9.32,104400,969352.0,9.32,9.31,9.3,9.28,9.27,9.26,9.25,9.24,9.23,9.22,9.33,9.34,9.35,9.36,9.37,9.38,9.39,9.4,9.41,9.43,3000,1600,2600,900,6700,8500,16000,3200,16400,13800,9400,18500,15200,24800,1100,26100,31300,15900,18500,20000
59.0,9.32,104800,973080.0,9.32,9.31,9.3,9.28,9.27,9.26,9.25,9.24,9.23,9.22,9.33,9.34,9.35,9.36,9.37,9.38,9.39,9.4,9.41,9.43,2600,1600,2600,900,6700,8500,16000,3200,16400,13800,19400,18500,16200,24800,1100,26100,31300,15900,18500,20000
60.0,9.32,105200,976808.0,9.32,9.31,9.3,9.28,9.27,9.26,9.25,9.24,9.23,9.22,9.33,9.34,9.35,9.36,9.37,9.38,9.39,9.4,9.41,9.43,2200,1600,2600,900,6700,8500,16000,3200,16400,13800,37600,18500,16200,24800,1100,26100,31300,15900,18500,20000
61.0,9.32,105200,976808.0,9.32,9.31,9.3,9.28,9.27,9.26,9.25,9.24,9.23,9.22,9.33,9.34,9.35,9.36,9.37,9.38,9.39,9.4,9.41,9.43,2500,1600,2600,900,6700,8500,16000,3200,16400,13800,37600,18500,16200,25800,1100,26100,31300,15900,18500,20000
62.0,9.33,105700,981471.0,9.32,9.31,9.3,9.28,9.27,9.26,9.25,9.24,9.23,9.22,9.33,9.34,9.35,9.36,9.37,9.38,9.39,9.4,9.41,9.43,2300,1600,2600,900,6700,8500,15800,3200,16400,13800,37300,18500,16200,25800,1100,26100,31300,15900,18500,20000
63.0,9.33,105800,982404.0,9.32,9.31,9.3,9.28,9.27,9.26,9.25,9.24,9.23,9.22,9.33,9.34,9.35,9.36,9.37,9.38,9.39,9.4,9.41,9.43,2600,1600,2600,900,6700,8500,15800,3200,16400,13800,37200,18500,16200,25800,1100,26100,31300,15900,18500,20000
64.0,9.33,105800,982404.0,9.32,9.31,9.3,9.28,9.27,9.26,9.25,9.24,9.23,9.22,9.33,9.34,9.35,9.36,9.37,9.38,9.39,9.4,9.41,9.43,2600,1600,2600,900,6700,8500,15800,3200,16400,13800,37200,18500,16200,25800,1400,26100,31300,15900,18500,20000
65.0,9.33,111900,1039315.0,9.32,9.31,9.3,9.28,9.27,9.26,9.25,9.24,9.23,9.22,9.33,9.34,9.35,9.36,9.37,9.38,9.39,9.4,9.41,9.43,3200,1600,2600,2000,6700,8200,15800,3200,16400,13800,35100,18700,16200,25800,1400,26100,31300,15900,18500,20000
66.0,9.32,112500,1044907.0,9.32,9.31,9.3,9.28,9.27,9.26,9.25,9.24,9.23,9.22,9.33,9.34,9.35,9.36,9.37,9.38,9.39,9.4,9.41,9.43,5700,1600,2600,2000,6700,8200,15800,3200,16400,13800,35100,18700,16200,25800,1400,26100,31300,15900,18500,20000
67.0,9.33,117700,1093418.0,9.32,9.31,9.3,9.28,9.27,9.26,9.25,9.24,9.23,9.22,9.33,9.34,9.35,9.36,9.37,9.38,9.39,9.4,9.41,9.43,2700,1600,2600,2000,6700,8200,15800,3200,16400,13800,30400,18400,16200,25800,1400,26100,31300,15900,18500,20000
68.0,9.32,136600,1269671.0,9.31,9.3,9.28,9.27,9.26,9.25,9.24,9.23,9.22,9.21,9.32,9.33,9.34,9.35,9.36,9.37,9.38,9.39,9.4,9.41,1600,2600,2000,6700,8200,15800,3200,16400,13800,16300,1600,20400,18400,16200,25800,1400,26100,31300,15900,18500
69.0,9.32,148200,1377742.0,9.31,9.3,9.28,9.27,9.26,9.25,9.24,9.23,9.22,9.21,9.32,9.33,9.34,9.35,9.36,9.37,9.38,9.39,9.4,9.41,2500,2900,2000,6700,8200,15800,3200,16400,13800,16300,100,20400,18400,16200,25800,1400,25800,31300,15900,18500
70.0,9.32,148200,1377742.0,9.31,9.3,9.28,9.27,9.26,9.25,9.24,9.23,9.22,9.21,9.32,9.33,9.34,9.35,9.36,9.37,9.38,9.39,9.4,9.41,3900,2900,2000,6700,8200,15800,3200,16400,13800,16300,100,20400,18400,16200,25800,1400,25800,31300,15900,18500
71.0,9.33,151300,1406639.0,9.32,9.31,9.3,9.28,9.27,9.26,9.25,9.24,9.23,9.22,9.33,9.34,9.35,9.36,9.37,9.38,9.39,9.4,9.41,9.43,400,3900,2900,2000,6700,8200,15800,3200,16400,13800,19900,18400,16200,25800,1400,25800,31300,15900,18500,20000
72.0,9.32,151700,1410367.0,9.31,9.3,9.28,9.27,9.26,9.25,9.24,9.23,9.22,9.21,9.32,9.33,9.34,9.35,9.36,9.37,9.38,9.39,9.4,9.41,3900,2900,2000,6700,8200,15800,3200,16400,13800,16300,4100,20400,18400,16200,25800,1400,25800,31300,15900,18500
73.0,9.32,151700,1410367.0,9.31,9.3,9.28,9.27,9.26,9.25,9.24,9.23,9.22,9.21,9.32,9.33,9.34,9.35,9.36,9.37,9.38,9.39,9.4,9.41,3900,2900,2000,6700,8200,15800,3200,16400,13800,16300,4100,20400,18400,16200,25800,1400,25800,31300,15900,18500
74.0,9.32,154200,1433667.0,9.31,9.3,9.28,9.27,9.26,9.25,9.24,9.23,9.22,9.21,9.32,9.33,9.34,9.35,9.36,9.37,9.38,9.39,9.4,9.41,4200,2900,2000,6700,8200,15800,3200,16700,13800,16300,1600,20400,18400,16200,25800,1400,25800,31300,15900,18500
75.0,9.31,155000,1441115.0,9.31,9.3,9.29,9.28,9.27,9.26,9.25,9.24,9.23,9.22,9.32,9.33,9.34,9.35,9.36,9.37,9.38,9.39,9.4,9.41,3400,2900,2200,2000,6700,8200,15800,3200,16700,13800,1600,20400,18400,16200,25800,1400,25800,31300,15900,18500
76.0,9.31,155000,1441115.0,9.31,9.3,9.29,9.28,9.27,9.26,9.25,9.24,9.23,9.22,9.32,9.33,9.34,9.35,9.36,9.37,9.38,9.39,9.4,9.41,3400,2900,2200,2000,6700,8200,15800,3200,16700,13800,1600,20700,18400,16200,25800,1400,25800,31300,15900,18500
77.0,9.32,156900,1458817.0,9.31,9.3,9.29,9.28,9.27,9.26,9.25,9.24,9.23,9.22,9.32,9.33,9.34,9.35,9.36,9.37,9.38,9.39,9.4,9.41,2800,2900,2200,2000,6700,8200,15800,3200,16700,13800,300,20700,18400,16200,25800,5400,25800,31300,15900,18500
78.0,9.32,158000,1469067.0,9.32,9.31,9.3,9.29,9.28,9.27,9.26,9.25,9.24,9.23,9.33,9.34,9.35,9.36,9.37,9.38,9.39,9.4,9.41,9.42,2300,5000,3400,2200,2000,6700,8200,15800,3200,16700,20700,18400,16200,25800,5400,25800,31300,15900,18500,10000
79.0,9.32,159500,1483047.0,9.31,9.3,9.29,9.28,9.27,9.26,9.25,9.24,9.23,9.22,9.32,9.33,9.34,9.35,9.36,9.37,9.38,9.39,9.4,9.41,5300,3400,2200,2000,6700,8200,15800,3200,16700,13800,4900,20700,18400,16200,25800,5400,25800,31300,15900,18500
80.0,9.32,163100,1516599.0,9.31,9.3,9.29,9.28,9.27,9.26,9.25,9.24,9.23,9.22,9.32,9.33,9.34,9.35,9.36,9.37,9.38,9.39,9.4,9.41,4500,3400,2200,2000,4200,5200,15800,3200,16700,13800,5100,20700,18400,16200,25800,5400,25800,31300,15900,18500
81.0,9.31,163500,1520323.0,9.31,9.3,9.29,9.28,9.27,9.26,9.25,9.24,9.23,9.22,9.32,9.33,9.34,9.35,9.36,9.37,9.38,9.39,9.4,9.41,4100,3400,2200,2000,4200,5200,15800,3200,16700,13800,6000,21700,18400,16200,25800,5400,25800,31300,15900,18500
82.0,9.31,163900,1524047.0,9.31,9.3,9.29,9.28,9.27,9.26,9.25,9.24,9.23,9.22,9.32,9.33,9.34,9.35,9.36,9.37,9.38,9.39,9.4,9.41,3700,3200,2200,2000,7200,5200,15800,3200,16700,13800,6500,26700,18400,16200,25800,5400,25800,31300,15900,18500
83.0,9.31,163900,1524047.0,9.31,9.3,9.29,9.28,9.27,9.26,9.25,9.24,9.23,9.22,9.32,9.33,9.34,9.35,9.36,9.37,9.38,9.39,9.4,9.41,3700,3200,2200,2000,7200,5200,15800,3200,16700,13800,6500,26700,18400,16200,25800,5400,25800,32300,15900,18500
84.0,9.32,170400,1584627.0,9.32,9.31,9.3,9.29,9.28,9.27,9.26,9.25,9.24,9.23,9.33,9.34,9.35,9.36,9.37,9.38,9.39,9.4,9.41,9.42,6300,3700,3200,2200,2000,7200,5200,15800,3200,16700,26700,18400,16200,25800,5400,26800,32300,15900,18500,10000
85.0,9.33,171300,1593018.0,9.32,9.31,9.3,9.29,9.28,9.27,9.26,9.25,9.24,9.23,9.33,9.34,9.35,9.36,9.37,9.38,9.39,9.4,9.41,9.42,6600,3700,3200,2200,2000,7200,5200,15800,3200,16700,27100,18400,16200,25800,5400,26800,32300,15900,18500,10000
86.0,9.32,174300,1620978.0,9.32,9.31,9.3,9.29,9.28,9.27,9.26,9.25,9.24,9.23,9.33,9.34,9.35,9.36,9.37,9.38,9.39,9.4,9.41,9.42,3600,4200,3200,2200,2000,7200,5200,15800,3200,16700,27100,18400,16200,25800,5400,26800,32300,15900,18500,10000
87.0,9.33,174900,1626576.0,9.32,9.31,9.3,9.29,9.28,9.27,9.26,9.25,9.24,9.23,9.33,9.34,9.35,9.36,9.37,9.38,9.39,9.4,9.41,9.42,6500,2200,3600,2200,2000,7200,5200,15800,3200,16700,26500,18400,16200,25800,5400,26800,32300,15900,18500,10000
88.0,9.32,177500,1650808.0,9.32,9.31,9.3,9.29,9.28,9.27,9.26,9.25,9.24,9.23,9.33,9.34,9.35,9.36,9.37,9.38,9.39,9.4,9.41,9.42,3900,2200,3600,2200,2000,7200,5200,15800,3200,16700,26500,18400,16200,25800,5400,26800,32300,15900,18500,10000
89.0,9.32,178500,1660128.0,9.32,9.31,9.3,9.29,9.28,9.27,9.26,9.25,9.24,9.23,9.33,9.34,9.35,9.36,9.37,9.38,9.39,9.4,9.41,9.42,2900,2500,3600,2200,2000,7200,5200,15800,3200,16700,26500,18400,16200,25800,5400,26800,32300,15900,18500,10000
90.0,9.32,178500,1660128.0,9.32,9.31,9.3,9.29,9.28,9.27,9.26,9.25,9.24,9.23,9.33,9.34,9.35,9.36,9.37,9.38,9.39,9.4,9.41,9.42,2900,2500,3600,2200,2000,7200,5200,15800,3200,16700,26500,18400,16200,25800,5400,26800,32300,15900,18500,10000
91.0,9.33,199600,1856982.0,9.32,9.31,9.3,9.29,9.28,9.27,9.26,9.25,9.24,9.23,9.33,9.34,9.35,9.36,9.37,9.38,9.39,9.4,9.41,9.42,5000,1500,3600,2200,2000,7200,5200,15800,3200,16700,6300,18400,16200,25800,5400,26800,32300,15900,18500,10000
92.0,9.34,209500,1949380.0,9.33,9.32,9.31,9.3,9.29,9.28,9.27,9.26,9.25,9.24,9.34,9.35,9.36,9.37,9.38,9.39,9.4,9.41,9.42,9.43,800,5000,1500,3600,2200,8300,7200,5200,15800,3200,15300,16200,25800,10400,26800,32300,15900,18500,10000,20000
93.0,9.32,217700,2025915.0,9.32,9.31,9.3,9.29,9.28,9.27,9.26,9.25,9.24,9.23,9.34,9.35,9.36,9.37,9.38,9.39,9.4,9.41,9.42,9.43,3600,800,3600,2200,8300,7200,5200,15800,3200,16700,11700,16200,25800,10400,27100,32300,15900,18500,10000,20000
94.0,9.32,217700,2025915.0,9.32,9.31,9.3,9.29,9.28,9.27,9.26,9.25,9.24,9.23,9.34,9.35,9.36,9.37,9.38,9.39,9.4,9.41,9.42,9.43,3700,800,3600,2200,8300,7200,5200,15800,3200,16700,11700,16200,25800,10400,27100,32300,15900,18500,10000,20000
95.0,9.34,224000,2084746.0,9.33,9.32,9.31,9.3,9.29,9.28,9.27,9.26,9.25,9.24,9.34,9.35,9.36,9.37,9.38,9.39,9.4,9.41,9.42,9.43,3900,3400,800,3900,2200,8300,7200,5200,15800,3200,7200,16200,25800,10400,27100,32300,15900,18500,10000,20000
96.0,9.34,224700,2091284.0,9.33,9.32,9.31,9.3,9.29,9.28,9.27,9.26,9.25,9.24,9.34,9.35,9.36,9.37,9.38,9.39,9.4,9.41,9.42,9.43,3900,3700,800,3900,2200,8300,7200,5200,15800,3200,6500,16200,25800,10400,27100,32300,15900,18500,10000,20000
97.0,9.33,225300,2096882.0,9.33,9.32,9.31,9.3,9.29,9.28,9.27,9.26,9.25,9.24,9.34,9.35,9.36,9.37,9.38,9.39,9.4,9.41,9.42,9.43,8000,3700,800,3900,2200,8300,7200,5200,15800,3200,6500,16200,25800,15400,27100,32300,15900,18500,10000,20000
98.0,9.33,226100,2104346.0,9.33,9.32,9.31,9.3,9.29,9.28,9.27,9.26,9.25,9.24,9.34,9.35,9.36,9.37,9.38,9.39,9.4,9.41,9.42,9.43,7200,3700,800,3900,2200,18400,7200,5200,15800,3200,6500,16200,25800,15400,27100,32300,15900,18500,10000,20000
99.0,9.34,232600,2165056.0,9.34,9.33,9.32,9.31,9.3,9.29,9.28,9.27,9.26,9.25,9.35,9.36,9.37,9.38,9.39,9.4,9.41,9.42,9.43,9.44,2000,14200,3600,800,3900,2200,18400,7200,5200,15800,16200,25800,15400,27100,32300,15900,18500,10000,20000,5800
100.0,9.34,233000,2168792.0,9.34,9.33,9.32,9.31,9.3,9.29,9.28,9.27,9.26,9.25,9.35,9.36,9.37,9.38,9.39,9.4,9.41,9.42,9.43,9.44,1600,14200,3600,800,3900,2200,18400,7200,5200,15800,16200,23800,15400,27100,32300,15900,18500,10000,20000,5800
101.0,9.34,233100,2169726.0,9.34,9.33,9.32,9.31,9.3,9.29,9.28,9.27,9.26,9.25,9.35,9.36,9.37,9.38,9.39,9.4,9.41,9.42,9.43,9.44,2800,14300,3600,500,3900,2200,18300,7200,5200,15800,16200,23800,15400,27100,32300,15900,18500,10000,20000,5800
102.0,9.34,233400,2172529.0,9.34,9.33,9.32,9.31,9.3,9.29,9.28,9.27,9.26,9.25,9.35,9.36,9.37,9.38,9.39,9.4,9.41,9.42,9.43,9.44,3100,14300,3600,500,3900,2200,18300,7200,5200,15800,16100,23800,15400,28600,32300,15900,18500,10000,20000,5800
103.0,9.34,234600,2183747.0,9.34,9.33,9.32,9.31,9.3,9.29,9.28,9.27,9.26,9.25,9.35,9.36,9.37,9.38,9.39,9.4,9.41,9.42,9.43,9.44,4600,14300,3600,500,3900,2200,18300,7200,5200,15800,15100,23800,15400,28600,37200,15900,18500,10000,20000,5800
104.0,9.35,236300,2199635.0,9.34,9.33,9.32,9.31,9.3,9.29,9.28,9.27,9.26,9.25,9.35,9.36,9.37,9.38,9.39,9.4,9.41,9.42,9.43,9.44,3500,14300,3600,500,3900,2200,18300,7200,5600,15800,24100,23800,15400,28600,37200,15900,18500,10000,20000,5800
105.0,9.34,236600,2202437.0,9.34,9.33,9.32,9.31,9.3,9.29,9.28,9.27,9.26,9.25,9.35,9.36,9.37,9.38,9.39,9.4,9.41,9.42,9.43,9.44,3200,14300,3600,500,3900,2200,18300,7200,5600,15800,24100,23800,15400,28200,37200,15900,18500,10000,20000,5800
106.0,9.34,236600,2202437.0,9.34,9.33,9.32,9.3,9.29,9.28,9.27,9.26,9.25,9.24,9.35,9.36,9.37,9.38,9.39,9.4,9.41,9.42,9.43,9.44,3200,14300,3600,3900,2200,18300,7200,5600,15800,3200,24100,23800,15400,28200,37200,15900,18500,10000,20000,5800
107.0,9.34,236600,2202437.0,9.34,9.33,9.32,9.3,9.29,9.28,9.27,9.26,9.25,9.24,9.35,9.36,9.37,9.38,9.39,9.4,9.41,9.42,9.43,9.44,3100,14300,3600,3900,2200,18300,7200,5600,15800,3200,24100,23800,15400,28200,37200,15900,18500,10000,20000,5800
108.0,9.35,238900,2223939.0,9.34,9.33,9.32,9.3,9.29,9.28,9.27,9.26,9.25,9.24,9.35,9.36,9.37,9.38,9.39,9.4,9.41,9.42,9.43,9.44,3300,14300,3600,3900,2200,18300,7200,5600,15800,3200,21100,23800,15400,28200,37200,15900,18500,10000,20000,5800
109.0,9.34,239900,2233279.0,9.34,9.33,9.32,9.3,9.29,9.28,9.27,9.26,9.25,9.24,9.35,9.36,9.37,9.38,9.39,9.4,9.41,9.42,9.43,9.44,2300,14300,3600,3900,2200,18300,7200,5600,15800,3200,21100,23800,15400,28200,37200,15900,18500,10000,20000,5800
110.0,9.34,240900,2242619.0,9.34,9.33,9.32,9.3,9.29,9.28,9.27,9.26,9.25,9.24,9.35,9.36,9.37,9.38,9.39,9.4,9.41,9.42,9.43,9.44,3300,14300,3600,3900,2200,18300,7200,5600,15800,3200,21100,23800,15400,28200,37200,15900,18500,10000,20000,5800
111.0,9.35,242400,2256632.0,9.34,9.33,9.32,9.3,9.29,9.28,9.27,9.26,9.25,9.24,9.35,9.36,9.37,9.38,9.39,9.4,9.41,9.42,9.43,9.44,2000,14300,3600,3900,2200,18300,7200,5600,15800,3200,21200,23800,15400,28200,37200,15900,18500,10000,20000,5800
112.0,9.35,242400,2256632.0,9.34,9.33,9.32,9.3,9.29,9.28,9.27,9.26,9.25,9.24,9.35,9.36,9.37,9.38,9.39,9.4,9.41,9.42,9.43,9.44,2000,14300,3600,3900,2200,18300,7200,5600,15800,3200,22300,23800,15400,28200,37200,15900,18500,10000,20000,5800
113.0,9.35,242400,2256632.0,9.34,9.33,9.32,9.3,9.29,9.28,9.27,9.26,9.25,9.24,9.35,9.36,9.37,9.38,9.39,9.4,9.41,9.42,9.43,9.44,3000,14300,3600,3900,2200,18300,7200,5600,15800,3200,22300,33800,17500,28200,37200,15900,18500,10000,20000,5800
114.0,9.34,242700,2259434.0,9.34,9.33,9.32,9.3,9.29,9.28,9.27,9.26,9.25,9.24,9.35,9.36,9.37,9.38,9.39,9.4,9.41,9.42,9.43,9.44,3800,14300,3600,3900,2200,18300,7200,5600,15800,3200,22300,33800,17500,28200,37200,15900,18500,10000,20000,5800
115.0,9.34,242700,2259434.0,9.34,9.33,9.32,9.3,9.29,9.28,9.27,9.26,9.25,9.24,9.35,9.36,9.37,9.38,9.39,9.4,9.41,9.42,9.43,9.44,3800,14300,3600,3900,2200,18300,7200,5600,15800,3200,22400,33800,17500,28200,37200,15900,18500,10000,20000,5800
116.0,9.34,242700,2259434.0,9.34,9.33,9.32,9.3,9.29,9.28,9.27,9.26,9.25,9.24,9.35,9.36,9.37,9.38,9.39,9.4,9.41,9.42,9.43,9.44,10000,14300,3600,3900,2200,18300,7200,5600,15800,3200,22400,33800,17700,28200,37200,15900,18500,10000,20000,5800
117.0,9.35,242800,2260369.0,9.34,9.33,9.32,9.3,9.29,9.28,9.27,9.26,9.25,9.24,9.35,9.36,9.37,9.38,9.39,9.4,9.41,9.42,9.43,9.44,13400,14300,3500,3900,2200,18300,7200,5600,15800,3200,22300,33800,17700,28200,37200,16100,18500,10000,20000,5800
118.0,9.34,244800,2279049.0,9.34,9.33,9.32,9.3,9.29,9.28,9.27,9.26,9.25,9.24,9.35,9.36,9.37,9.38,9.39,9.4,9.41,9.42,9.43,9.44,11800,14300,3100,3900,2200,18300,7200,5600,15800,3200,32300,34000,17700,28200,37200,16100,18500,10000,20000,5800
119.0,9.34,245900,2289323.0,9.34,9.33,9.32,9.3,9.29,9.28,9.27,9.26,9.25,9.24,9.35,9.36,9.37,9.38,9.39,9.4,9.41,9.42,9.43,9.44,10700,14300,3100,3900,2200,18300,7200,5600,15800,3200,32300,34000,17700,28200,37200,15800,18500,10000,20000,5800
120.0,9.34,246300,2293059.0,9.34,9.33,9.32,9.3,9.29,9.28,9.27,9.26,9.25,9.24,9.35,9.36,9.37,9.38,9.39,9.4,9.41,9.42,9.43,9.44,10300,14300,3100,3900,2200,18300,7200,5600,15800,3200,32300,34000,17700,28200,30600,15800,18500,10000,20000,5800
121.0,9.34,247300,2302399.0,9.34,9.33,9.32,9.3,9.29,9.28,9.27,9.26,9.25,9.24,9.35,9.36,9.37,9.38,9.39,9.4,9.41,9.42,9.43,9.44,14300,14300,3100,3900,2200,18300,7200,5600,15800,3200,32300,34000,17700,28200,30600,20500,18500,10000,20000,5800
122.0,9.34,247500,2304267.0,9.34,9.33,9.32,9.3,9.29,9.28,9.27,9.26,9.25,9.24,9.35,9.36,9.37,9.38,9.39,9.4,9.41,9.42,9.43,9.44,14100,14300,3100,3900,2200,18300,7200,5600,15800,3200,32300,34000,17700,28200,30600,23700,18500,10000,20000,5800
123.0,9.34,261800,2437831.0,9.33,9.32,9.3,9.29,9.28,9.27,9.26,9.25,9.24,9.23,9.34,9.35,9.36,9.37,9.38,9.39,9.4,9.41,9.42,9.43,14300,3100,3900,4300,18300,7200,5600,15800,3200,300,5600,32100,34000,17700,28200,30600,23700,18500,10000,20000
124.0,9.33,276100,2571250.0,9.32,9.3,9.29,9.28,9.27,9.26,9.25,9.24,9.23,9.22,9.33,9.34,9.35,9.36,9.37,9.38,9.39,9.4,9.41,9.42,3100,3900,4300,18300,7200,5600,15800,3200,300,13800,3300,10100,33100,34000,17700,28200,30600,23700,18500,10000
125.0,9.33,276600,2575912.0,9.32,9.3,9.29,9.28,9.27,9.26,9.25,9.24,9.23,9.22,9.33,9.34,9.35,9.36,9.37,9.38,9.39,9.4,9.41,9.42,2800,3900,4300,600,7200,5600,15800,3200,300,13800,6900,10100,33600,34000,17900,28200,30600,23700,18500,10000
126.0,9.33,276600,2575912.0,9.32,9.3,9.29,9.28,9.27,9.26,9.25,9.24,9.23,9.22,9.33,9.34,9.35,9.36,9.37,9.38,9.39,9.4,9.41,9.42,2800,3900,4300,600,7200,5600,15800,3200,300,13800,6900,10100,34800,34000,17900,28200,30600,23700,18500,10000
127.0,9.33,276600,2575912.0,9.32,9.3,9.29,9.28,9.27,9.26,9.25,9.24,9.23,9.22,9.33,9.34,9.35,9.36,9.37,9.38,9.39,9.4,9.41,9.42,2800,3900,4300,600,7200,5600,15800,3200,300,13800,6900,10200,34800,34000,17900,28200,30600,23700,18500,10000
128.0,9.34,284000,2644955.0,9.32,9.3,9.29,9.28,9.27,9.26,9.25,9.24,9.23,9.22,9.34,9.35,9.36,9.37,9.38,9.39,9.4,9.41,9.42,9.43,2600,3900,4300,600,7200,5600,15800,3200,300,13800,26700,34800,34000,17900,28200,30600,23700,18500,10000,20000
129.0,9.34,284000,2644955.0,9.32,9.3,9.29,9.28,9.27,9.26,9.25,9.24,9.23,9.22,9.34,9.35,9.36,9.37,9.38,9.39,9.4,9.41,9.42,9.43,4700,3900,4300,600,7200,5600,15800,3200,300,13800,28800,34800,34000,17900,28200,30600,23700,18500,10000,20000
130.0,9.34,284000,2644955.0,9.32,9.3,9.29,9.28,9.27,9.26,9.25,9.24,9.23,9.22,9.33,9.34,9.35,9.36,9.37,9.38,9.39,9.4,9.41,9.42,4700,3900,4300,600,7200,5600,15800,3200,300,13800,500,40900,34800,34000,17900,28200,30600,23700,18500,10000
131.0,9.34,285000,2654282.0,9.32,9.3,9.29,9.28,9.27,9.26,9.25,9.24,9.23,9.22,9.34,9.35,9.36,9.37,9.38,9.39,9.4,9.41,9.42,9.43,6500,3900,4300,600,7200,5600,15800,3200,300,13800,45800,34800,34000,17900,28200,30600,23700,18500,10000,20000
132.0,9.34,285000,2654282.0,9.32,9.31,9.3,9.29,9.28,9.27,9.26,9.25,9.24,9.23,9.34,9.35,9.36,9.37,9.38,9.39,9.4,9.41,9.42,9.43,7300,17700,3900,4300,600,7200,5600,15800,3200,300,46600,34800,34000,17900,28200,33600,23700,18500,10000,20000
133.0,9.32,285700,2660806.0,9.32,9.31,9.3,9.29,9.28,9.27,9.26,9.25,9.24,9.23,9.34,9.35,9.36,9.37,9.38,9.39,9.4,9.41,9.42,9.43,8600,17700,3900,4300,600,7200,5600,15800,3200,300,49700,34800,34000,17900,28200,33600,25000,18500,10000,20000
134.0,9.32,286500,2668262.0,9.32,9.31,9.3,9.29,9.28,9.27,9.26,9.25,9.24,9.23,9.34,9.35,9.36,9.37,9.38,9.39,9.4,9.41,9.42,9.43,9700,17700,3900,4300,600,7200,5600,15800,3200,300,50500,34800,34000,15800,28200,33600,25000,18500,10000,20000
135.0,9.34,289100,2692508.0,9.33,9.32,9.31,9.3,9.29,9.28,9.27,9.26,9.25,9.24,9.34,9.35,9.36,9.37,9.38,9.39,9.4,9.41,9.42,9.43,5000,9500,17700,3900,4300,600,7200,5600,15800,3200,54700,34800,34000,15800,28200,33600,25000,18500,10000,20000
136.0,9.34,289100,2692508.0,9.33,9.32,9.31,9.3,9.29,9.28,9.27,9.26,9.25,9.24,9.34,9.35,9.36,9.37,9.38,9.39,9.4,9.41,9.42,9.43,5900,9500,17700,3900,4300,600,7200,5600,15800,3200,54700,34800,34000,15800,28200,33600,25000,18500,10000,20000
137.0,9.34,289900,2699980.0,9.33,9.32,9.31,9.3,9.29,9.28,9.27,9.26,9.25,9.24,9.34,9.35,9.36,9.37,9.38,9.39,9.4,9.41,9.42,9.43,5900,9500,17700,3900,4300,600,7200,5600,15800,3200,54900,39000,34000,19800,28200,33600,25000,18500,10000,20000
138.0,9.33,290700,2707445.0,9.33,9.32,9.31,9.3,9.29,9.28,9.27,9.26,9.25,9.24,9.34,9.35,9.36,9.37,9.38,9.39,9.4,9.41,9.42,9.43,8700,9500,17700,3900,4300,600,7200,5600,15800,3200,54800,39500,34000,19800,28200,33600,25000,18500,11100,20000
139.0,9.33,292100,2720511.0,9.33,9.32,9.31,9.3,9.29,9.28,9.27,9.26,9.25,9.24,9.34,9.35,9.36,9.37,9.38,9.39,9.4,9.41,9.42,9.43,7700,9500,17700,3900,4300,600,7200,5600,15800,3200,54400,39500,34000,19800,38200,33600,25000,18500,11100,20000
140.0,9.34,293600,2734514.0,9.33,9.32,9.31,9.3,9.29,9.28,9.27,9.26,9.25,9.24,9.34,9.35,9.36,9.37,9.38,9.39,9.4,9.41,9.42,9.43,7000,9500,17700,3900,4300,600,7200,5600,15800,3200,54600,39500,34000,19800,38200,33600,25000,18500,11100,20000
141.0,9.33,296400,2760638.0,9.33,9.32,9.31,9.3,9.29,9.28,9.27,9.26,9.25,9.24,9.34,9.35,9.36,9.37,9.38,9.39,9.4,9.41,9.42,9.43,8700,9500,17700,3900,4300,600,7200,5600,15800,3200,54600,39500,34000,19800,38200,33600,25000,18500,11100,20000
142.0,9.33,301400,2807288.0,9.33,9.32,9.31,9.3,9.29,9.28,9.27,9.26,9.25,9.24,9.34,9.35,9.36,9.37,9.38,9.39,9.4,9.41,9.42,9.43,3700,9500,17700,3900,4300,600,7200,5600,15800,3200,54600,39500,34000,19800,38200,33600,25000,18500,11100,20000
143.0,9.33,305800,2848340.0,9.32,9.31,9.3,9.29,9.28,9.27,9.26,9.25,9.24,9.23,9.33,9.34,9.35,9.36,9.37,9.38,9.39,9.4,9.41,9.42,9500,17700,3900,4300,600,7200,5600,15800,3200,300,8500,54600,39500,34000,19800,38200,33600,25000,18500,11100
144.0,9.33,312400,2909909.0,9.32,9.31,9.3,9.29,9.28,9.27,9.26,9.25,9.24,9.23,9.33,9.34,9.35,9.36,9.37,9.38,9.39,9.4,9.41,9.42,8600,17700,3900,4300,600,7200,5600,15800,3200,300,2800,54600,39500,34000,19800,38200,33600,25000,18500,11100
145.0,9.33,312400,2909909.0,9.32,9.31,9.3,9.29,9.28,9.27,9.26,9.25,9.24,9.23,9.33,9.34,9.35,9.36,9.37,9.38,9.39,9.4,9.41,9.42,8600,17700,3900,4300,600,7200,5600,16800,3200,300,8300,54600,39500,34000,20800,38200,33600,21300,18500,11100
146.0,9.33,315300,2936949.0,9.32,9.31,9.3,9.29,9.28,9.27,9.26,9.25,9.24,9.23,9.33,9.34,9.35,9.36,9.37,9.38,9.39,9.4,9.41,9.42,7100,17700,3900,4300,600,7200,5600,16800,3200,300,12700,54600,38400,34000,20800,38200,33600,21300,11200,11100
147.0,9.32,316000,2943473.0,9.32,9.31,9.3,9.29,9.28,9.27,9.26,9.25,9.24,9.23,9.33,9.34,9.35,9.36,9.37,9.38,9.39,9.4,9.41,9.42,9100,17700,3900,4300,600,7200,5600,16800,3200,300,13700,54600,38400,34000,20800,38200,33600,21300,11200,11100
148.0,9.32,316900,2951861.0,9.32,9.31,9.3,9.29,9.28,9.27,9.26,9.25,9.24,9.23,9.33,9.34,9.35,9.36,9.37,9.38,9.39,9.4,9.41,9.42,8200,17700,18600,4300,600,7200,5600,16800,3200,300,14700,55900,38400,34000,20800,38200,33600,21800,11200,11100
149.0,9.33,317800,2960258.0,9.32,9.31,9.3,9.29,9.28,9.27,9.26,9.25,9.24,9.23,9.33,9.34,9.35,9.36,9.37,9.38,9.39,9.4,9.41,9.42,10200,17700,18600,4300,600,7200,5600,16800,3200,300,16600,65900,38400,34000,20800,38200,33600,21800,11200,11100
150.0,9.32,323700,3015246.0,9.32,9.31,9.3,9.29,9.28,9.27,9.26,9.25,9.24,9.23,9.33,9.34,9.35,9.36,9.37,9.38,9.39,9.4,9.41,9.42,4300,17700,18600,4300,600,7200,5600,16800,3200,300,16600,67100,38400,34000,20800,38200,33600,21800,11200,11100
151.0,9.32,324100,3018974.0,9.32,9.31,9.3,9.29,9.28,9.27,9.26,9.25,9.24,9.23,9.33,9.34,9.35,9.36,9.37,9.38,9.39,9.4,9.41,9.42,4000,17700,18600,4300,600,7200,5600,16800,3200,300,16600,70100,38400,34000,20800,38200,33600,21800,11200,11100
152.0,9.33,325200,3029234.0,9.32,9.31,9.3,9.29,9.28,9.27,9.26,9.25,9.24,9.23,9.33,9.34,9.35,9.36,9.37,9.38,9.39,9.4,9.41,9.42,3700,17700,18600,3600,600,7200,5600,16800,3200,300,19800,70100,38400,34000,21300,38200,33600,21800,11200,11100
153.0,9.32,328400,3059065.0,9.32,9.31,9.3,9.29,9.28,9.27,9.26,9.25,9.24,9.23,9.33,9.34,9.35,9.36,9.37,9.38,9.39,9.4,9.41,9.42,1200,17700,18500,2400,1000,7200,5600,16800,3200,300,21200,70100,38400,34000,21300,38200,33600,21800,11200,11100
154.0,9.31,333100,3102834.0,9.31,9.3,9.29,9.28,9.27,9.26,9.25,9.24,9.23,9.22,9.32,9.33,9.34,9.35,9.36,9.37,9.38,9.39,9.4,9.41,14200,18500,2400,1000,7200,5600,16800,3200,300,11700,100,21200,70100,38400,34000,21300,38200,33600,21800,11200
155.0,9.32,334700,3117736.0,9.32,9.31,9.3,9.29,9.28,9.27,9.26,9.25,9.24,9.23,9.33,9.34,9.35,9.36,9.37,9.38,9.39,9.4,9.41,9.42,1100,13200,18500,2400,1000,7200,5600,16800,3200,300,26700,70100,38400,34000,21300,38200,33600,21800,11200,11100
156.0,9.32,334700,3117736.0,9.32,9.31,9.3,9.29,9.28,9.27,9.26,9.25,9.24,9.23,9.33,9.34,9.35,9.36,9.37,9.38,9.39,9.4,9.41,9.42,1100,13200,18500,2400,1000,7200,5600,16800,3200,300,26700,69600,38400,34000,21300,38200,33600,21800,11200,11100
157.0,9.32,334700,3117736.0,9.32,9.31,9.3,9.29,9.28,9.27,9.26,9.25,9.24,9.23,9.33,9.34,9.35,9.36,9.37,9.38,9.39,9.4,9.41,9.42,1100,13200,18500,2400,1000,7200,5600,16800,3200,300,26700,69600,38400,34000,21300,38200,33600,21800,11200,11100
158.0,9.32,335000,3120532.0,9.32,9.31,9.3,9.29,9.28,9.27,9.26,9.25,9.24,9.23,9.33,9.34,9.35,9.36,9.37,9.38,9.39,9.4,9.41,9.42,800,13200,18500,2400,1000,7200,5600,16800,3200,300,26700,69600,38400,33700,21300,38200,33600,21800,11200,11100
159.0,9.31,351200,3271358.0,9.3,9.29,9.28,9.27,9.26,9.25,9.24,9.23,9.22,9.21,9.31,9.33,9.34,9.35,9.36,9.37,9.38,9.39,9.4,9.41,21100,2200,1200,7200,5600,16800,3200,300,11700,16300,10900,26700,69600,38400,33700,21300,38200,33600,21800,11200
160.0,9.31,351900,3277875.0,9.3,9.29,9.28,9.27,9.26,9.25,9.24,9.23,9.22,9.21,9.31,9.33,9.34,9.35,9.36,9.37,9.38,9.39,9.4,9.41,21100,2200,1200,7200,5600,16800,3200,300,11700,16300,10200,26700,69600,38400,38400,21300,38200,33600,21800,11200
161.0,9.31,356400,3319750.0,9.3,9.29,9.28,9.27,9.26,9.25,9.24,9.23,9.22,9.21,9.31,9.33,9.34,9.35,9.36,9.37,9.38,9.39,9.4,9.41,19100,2200,1200,7200,5600,16800,3200,300,11700,16300,7700,26700,69600,38400,38400,21300,38200,33600,21800,11200
162.0,9.31,356400,3319750.0,9.3,9.29,9.28,9.27,9.26,9.25,9.24,9.23,9.22,9.21,9.31,9.33,9.34,9.35,9.36,9.37,9.38,9.39,9.4,9.41,19100,2200,1200,7200,5600,16800,3200,300,11700,16300,7700,26700,69600,38400,38400,21300,38200,33600,21800,11200
163.0,9.31,356400,3319750.0,9.3,9.29,9.28,9.27,9.26,9.25,9.24,9.23,9.22,9.21,9.31,9.33,9.34,9.35,9.36,9.37,9.38,9.39,9.4,9.41,19100,2200,1200,7200,5600,16800,3200,300,11700,16300,7700,26700,69600,38400,38400,21300,38200,33600,21800,11200
164.0,9.31,357500,3329991.0,9.3,9.29,9.28,9.27,9.26,9.25,9.24,9.23,9.22,9.21,9.31,9.33,9.34,9.35,9.36,9.37,9.38,9.39,9.4,9.41,19100,2200,1200,7200,5600,16800,3200,300,11700,16300,6600,26700,69600,38400,38400,21300,38200,48600,21800,11200
165.0,9.31,361000,3362566.0,9.3,9.29,9.28,9.27,9.26,9.25,9.24,9.23,9.22,9.21,9.31,9.33,9.34,9.35,9.36,9.37,9.38,9.39,9.4,9.41,18100,2200,1200,7200,5600,16800,3200,300,11700,16300,13100,26700,69600,38700,38400,21300,40200,48600,21800,11200
166.0,9.31,361000,3362566.0,9.3,9.29,9.28,9.27,9.26,9.25,9.24,9.23,9.22,9.21,9.31,9.33,9.34,9.35,9.36,9.37,9.38,9.39,9.4,9.42,18100,2200,1200,7200,5600,16800,3200,300,11700,16300,13100,27000,69600,38700,38400,21300,40200,48600,21800,11100
167.0,9.31,361000,3362566.0,9.3,9.29,9.28,9.27,9.26,9.25,9.24,9.23,9.22,9.21,9.31,9.33,9.34,9.35,9.36,9.37,9.38,9.39,9.4,9.42,18100,2200,1200,7200,5600,16800,3200,300,11700,16300,13100,31000,69600,38700,38400,21300,40200,48600,21800,11100
168.0,9.3,363000,3381166.0,9.3,9.29,9.28,9.27,9.26,9.25,9.24,9.23,9.22,9.21,9.31,9.33,9.34,9.35,9.36,9.37,9.38,9.39,9.4,9.42,16100,2200,1200,7200,5600,16800,3200,300,11700,16300,13100,31000,69600,38700,38400,21300,40200,48600,21800,11100
169.0,9.31,366000,3409075.0,9.3,9.29,9.28,9.27,9.26,9.25,9.24,9.23,9.22,9.21,9.31,9.32,9.33,9.34,9.35,9.36,9.37,9.38,9.39,9.4,14000,2200,1200,7200,5600,16800,3200,300,11700,16300,13300,1000,31000,70000,38700,38400,21300,40200,48600,21800
170.0,9.31,366000,3409075.0,9.3,9.29,9.28,9.27,9.26,9.25,9.24,9.23,9.22,9.21,9.31,9.32,9.33,9.34,9.35,9.36,9.37,9.38,9.39,9.4,14000,2200,1200,7200,5600,16800,3200,300,11700,16300,13300,1000,31000,70000,38700,38400,21300,40200,48600,21800
171.0,9.31,367900,3426754.0,9.3,9.29,9.28,9.27,9.26,9.25,9.24,9.23,9.22,9.21,9.31,9.32,9.33,9.34,9.35,9.36,9.37,9.38,9.39,9.4,13000,2200,1200,7200,5600,16800,3200,300,11700,16300,12400,1000,31000,70000,38700,38400,21300,40200,48600,21800
172.0,9.3,380900,3547654.0,9.29,9.28,9.27,9.26,9.25,9.24,9.23,9.22,9.21,9.2,9.3,9.31,9.32,9.33,9.34,9.35,9.36,9.37,9.38,9.39,2200,600,7200,5600,16800,3200,300,11700,16300,29600,45500,12400,4900,31000,70300,38700,38400,21300,40200,48600
173.0,9.3,381800,3556024.0,9.29,9.28,9.27,9.26,9.25,9.24,9.23,9.22,9.21,9.2,9.3,9.31,9.32,9.33,9.34,9.35,9.36,9.37,9.38,9.39,5300,600,7200,5600,16800,3200,300,11700,16300,29600,45600,12400,6900,31000,70300,38700,38400,21300,40200,48600
174.0,9.29,382300,3560669.0,9.29,9.28,9.27,9.26,9.25,9.24,9.23,9.22,9.21,9.2,9.3,9.31,9.32,9.33,9.34,9.35,9.36,9.37,9.38,9.39,4800,600,7200,5600,16800,3200,300,11700,16300,29600,45600,12400,6900,31000,70300,38700,39200,21300,40200,54500
175.0,9.29,382700,3564385.0,9.29,9.28,9.27,9.26,9.25,9.24,9.23,9.22,9.21,9.2,9.3,9.31,9.32,9.33,9.34,9.35,9.36,9.37,9.38,9.39,4400,600,7200,5600,16800,3200,300,11700,16300,29600,46300,11300,6900,31500,70300,38700,39200,21300,40200,54500
176.0,9.3,387100,3605305.0,9.29,9.28,9.27,9.26,9.25,9.24,9.23,9.22,9.21,9.2,9.3,9.31,9.32,9.33,9.34,9.35,9.36,9.37,9.38,9.39,4400,600,7200,5600,16800,3200,300,11700,16300,29600,41900,11300,6900,30700,70300,38700,39200,21300,40200,54500
177.0,9.3,387100,3605305.0,9.29,9.28,9.27,9.26,9.25,9.24,9.23,9.22,9.21,9.2,9.3,9.31,9.32,9.33,9.34,9.35,9.36,9.37,9.38,9.39,4400,600,7200,5600,16800,3200,300,11700,16300,29600,47900,22100,6900,32200,70300,38700,39200,21300,40200,54500
178.0,9.29,387500,3609021.0,9.29,9.28,9.27,9.26,9.25,9.24,9.23,9.22,9.21,9.2,9.3,9.31,9.32,9.33,9.34,9.35,9.36,9.37,9.38,9.39,4000,800,7200,5600,16800,3200,300,11700,16300,29600,47900,22100,7800,32200,70300,38700,39200,21300,40200,54500
179.0,9.3,393300,3662961.0,9.29,9.28,9.27,9.26,9.25,9.24,9.23,9.22,9.21,9.2,9.3,9.31,9.32,9.33,9.34,9.35,9.36,9.37,9.38,9.39,4000,800,7200,5600,15800,3200,300,11700,16300,29600,42100,22100,7800,32200,70300,38700,39200,21300,40200,54500
180.0,9.3,393300,3662961.0,9.29,9.28,9.27,9.26,9.25,9.24,9.23,9.22,9.21,9.2,9.3,9.31,9.32,9.33,9.34,9.35,9.36,9.37,9.38,9.39,4000,800,7200,5600,15800,3200,300,11700,16300,29600,44000,22100,7800,32200,70300,38700,39200,21900,40200,54500
181.0,9.29,394900,3677825.0,9.29,9.28,9.27,9.26,9.25,9.24,9.23,9.22,9.21,9.2,9.3,9.31,9.32,9.33,9.34,9.35,9.36,9.37,9.38,9.39,2400,800,7200,5600,15800,3200,300,11700,16300,29600,44000,22100,7800,32200,70300,38700,39200,21900,40200,54500
182.0,9.3,396100,3688983.0,9.29,9.28,9.27,9.26,9.25,9.24,9.23,9.22,9.21,9.2,9.3,9.31,9.32,9.33,9.34,9.35,9.36,9.37,9.38,9.39,2200,800,7200,5600,15800,3200,300,11700,16300,29600,44100,22100,7800,32200,70300,38700,39200,21900,40200,54500
183.0,9.3,396100,3688983.0,9.29,9.28,9.27,9.26,9.25,9.24,9.23,9.22,9.21,9.2,9.3,9.31,9.32,9.33,9.34,9.35,9.36,9.37,9.38,9.39,2200,800,7200,5600,15800,3200,300,11700,16300,29600,44100,22100,7800,32200,70300,38700,39200,21900,40200,54500
184.0,9.29,398300,3709421.0,9.28,9.27,9.26,9.25,9.24,9.23,9.22,9.21,9.2,9.19,9.29,9.3,9.31,9.32,9.33,9.34,9.35,9.36,9.37,9.38,800,7200,5600,15800,3200,300,11700,16300,29600,11000,11600,44100,22100,7800,26600,70300,38700,39200,21900,40200
185.0,9.29,399400,3719640.0,9.28,9.27,9.26,9.25,9.24,9.23,9.22,9.21,9.2,9.19,9.29,9.3,9.31,9.32,9.33,9.34,9.35,9.36,9.37,9.38,800,7200,5600,15800,3200,300,11700,16300,28100,11000,10500,44100,22100,7800,26600,70300,38700,39200,21900,40200
186.0,9.29,399400,3719640.0,9.28,9.27,9.26,9.25,9.24,9.23,9.22,9.21,9.2,9.19,9.29,9.3,9.31,9.32,9.33,9.34,9.35,9.36,9.37,9.38,800,7200,5600,15800,3200,300,11700,16300,35100,11000,10500,44100,22100,7800,26600,70300,38700,39200,21900,40200
187.0,9.29,399400,3719640.0,9.28,9.27,9.26,9.25,9.24,9.23,9.22,9.21,9.2,9.19,9.29,9.3,9.31,9.32,9.33,9.34,9.35,9.36,9.37,9.38,800,7200,5600,15800,3200,300,11700,16300,35100,11000,18600,44000,22100,8800,26600,70300,38700,39200,21900,40200
188.0,9.29,399400,3719640.0,9.28,9.27,9.26,9.25,9.24,9.23,9.22,9.21,9.2,9.19,9.29,9.3,9.31,9.32,9.33,9.34,9.35,9.36,9.37,9.38,800,7200,5600,15800,3200,300,11700,16300,35100,11000,18600,44000,22100,8800,26600,70300,38700,39200,21900,40200
189.0,9.29,399400,3719640.0,9.28,9.27,9.26,9.25,9.24,9.23,9.22,9.21,9.2,9.19,9.29,9.3,9.31,9.32,9.33,9.34,9.35,9.36,9.37,9.38,800,7200,5600,15800,3200,300,11700,16300,35100,11000,18600,44000,22100,8800,26600,70300,38700,39200,21900,40200
190.0,9.29,399900,3724285.0,9.28,9.27,9.26,9.25,9.24,9.23,9.22,9.21,9.2,9.19,9.29,9.3,9.31,9.32,9.33,9.34,9.35,9.36,9.37,9.38,1200,7200,5600,15800,3200,300,11700,16300,35100,11000,18100,42900,22100,10700,26600,70300,38700,39200,21900,40200
191.0,9.29,400500,3729859.0,9.28,9.27,9.26,9.25,9.24,9.23,9.22,9.21,9.2,9.19,9.29,9.3,9.31,9.32,9.33,9.34,9.35,9.36,9.37,9.38,1200,7200,7700,15800,3200,300,11700,16300,35100,11000,27200,43400,22100,10700,26800,70300,38700,39200,21900,40200
192.0,9.28,400700,3731715.0,9.28,9.27,9.26,9.25,9.24,9.23,9.22,9.21,9.2,9.19,9.29,9.3,9.31,9.32,9.33,9.34,9.35,9.36,9.37,9.38,1000,7200,7700,15800,3200,300,11700,16300,35100,11000,27200,43400,22100,10700,26800,70300,38700,39200,25300,40200
193.0,9.28,400800,3732643.0,9.28,9.27,9.26,9.25,9.24,9.23,9.22,9.21,9.2,9.19,9.29,9.3,9.31,9.32,9.33,9.34,9.35,9.36,9.37,9.38,900,7200,7700,15800,3200,300,11700,16300,35100,11000,27200,43400,22100,10700,27800,70300,38700,39200,25300,40200
194.0,9.28,400800,3732643.0,9.28,9.27,9.26,9.25,9.24,9.23,9.22,9.21,9.2,9.19,9.29,9.3,9.31,9.32,9.33,9.34,9.35,9.36,9.37,9.38,900,7200,7700,15800,3200,300,11700,16300,35100,11000,27200,43400,22100,10700,27800,70300,38700,39200,25300,40200
195.0,9.28,400800,3732643.0,9.28,9.27,9.26,9.25,9.24,9.23,9.22,9.21,9.2,9.19,9.29,9.3,9.31,9.32,9.33,9.34,9.35,9.36,9.37,9.38,900,7200,7700,15800,3200,300,11700,16300,35100,11000,27200,43400,22100,10700,27800,70300,38700,39200,25300,40200
196.0,9.28,400800,3732643.0,9.28,9.27,9.26,9.25,9.24,9.23,9.22,9.21,9.2,9.19,9.29,9.3,9.31,9.32,9.33,9.34,9.35,9.36,9.37,9.38,900,7200,7700,15800,3200,300,11700,16800,35100,11000,27200,43400,22100,10700,27800,70300,38700,39200,25300,40200
197.0,9.28,400800,3732643.0,9.28,9.27,9.26,9.25,9.24,9.23,9.22,9.21,9.2,9.19,9.29,9.3,9.31,9.32,9.33,9.34,9.35,9.36,9.37,9.38,900,12200,7700,15800,3200,300,11700,16800,35100,11000,27200,43400,22100,10700,27800,70300,38700,39200,25300,40200
198.0,9.28,402900,3752131.0,9.27,9.26,9.25,9.24,9.22,9.21,9.2,9.19,9.18,9.17,9.28,9.29,9.3,9.31,9.32,9.33,9.34,9.35,9.36,9.37,12200,8700,16700,3200,11700,16800,35100,11000,17200,2500,4200,27200,43400,22100,10700,27800,70300,38700,39200,25300
199.0,9.27,403900,3761401.0,9.27,9.26,9.25,9.24,9.22,9.21,9.2,9.19,9.18,9.17,9.28,9.29,9.3,9.31,9.32,9.33,9.34,9.35,9.36,9.37,11200,8700,16700,3200,11700,16800,35100,11000,17200,2500,4200,27200,43400,22100,10700,27800,70300,38700,39200,25300
200.0,9.28,404300,3765113.0,9.27,9.26,9.25,9.24,9.22,9.21,9.2,9.19,9.18,9.17,9.28,9.29,9.3,9.31,9.32,9.33,9.34,9.35,9.36,9.37,13800,8700,16700,3200,11700,16800,35100,11000,17200,2500,3800,27200,43400,22100,10700,27800,70300,38700,39200,25300
201.0,9.28,405100,3772537.0,9.27,9.26,9.25,9.24,9.22,9.21,9.2,9.19,9.18,9.17,9.28,9.29,9.3,9.31,9.32,9.33,9.34,9.35,9.36,9.37,13800,8700,16700,3200,11700,16800,35100,11000,17200,2500,4500,27200,43400,22100,10700,27800,70300,38700,39200,25300
202.0,9.28,405100,3772537.0,9.27,9.26,9.25,9.24,9.22,9.21,9.2,9.19,9.18,9.17,9.28,9.29,9.3,9.31,9.32,9.33,9.34,9.35,9.36,9.37,13800,8700,21700,3200,11700,16800,35100,11000,17200,2500,4500,27200,43400,22100,10700,27800,70300,38700,39200,25300
203.0,9.28,406900,3789231.0,9.27,9.26,9.25,9.24,9.22,9.21,9.2,9.19,9.18,9.17,9.28,9.29,9.3,9.31,9.32,9.33,9.34,9.35,9.36,9.37,12800,8700,21700,3200,11700,16800,35100,11000,17200,2500,3900,27200,43400,22100,10700,27800,75300,38700,39200,25300
204.0,9.27,409000,3808698.0,9.27,9.26,9.25,9.24,9.22,9.21,9.2,9.19,9.18,9.17,9.28,9.29,9.3,9.31,9.32,9.33,9.34,9.35,9.36,9.37,10700,8700,21700,3200,11700,16800,35100,11000,17200,2500,10000,27200,42800,22100,10700,25700,75300,40900,39200,25300
205.0,9.28,411900,3835600.0,9.27,9.26,9.25,9.24,9.22,9.21,9.2,9.19,9.18,9.17,9.28,9.29,9.3,9.31,9.32,9.33,9.34,9.35,9.36,9.37,9700,8700,21700,3200,11700,16800,35100,11000,17200,2500,8100,27200,42800,22100,10700,25700,75300,40900,39200,25300
206.0,9.27,412800,3843943.0,9.27,9.26,9.25,9.24,9.22,9.21,9.2,9.19,9.18,9.17,9.28,9.29,9.3,9.31,9.32,9.33,9.34,9.35,9.36,9.37,8800,8700,21700,3200,11700,16800,35100,11000,17200,2500,8100,27200,42800,22100,10700,25700,75300,40900,39200,25300
207.0,9.27,412800,3843943.0,9.27,9.26,9.25,9.24,9.22,9.21,9.2,9.19,9.18,9.17,9.28,9.29,9.3,9.31,9.32,9.33,9.34,9.35,9.36,9.37,9500,8700,21700,3200,11700,16800,35100,11000,17200,2500,8100,27200,42800,22100,10700,25700,75000,40900,39200,25300
208.0,9.27,412800,3843943.0,9.27,9.26,9.25,9.24,9.22,9.21,9.2,9.19,9.18,9.17,9.28,9.29,9.3,9.31,9.32,9.33,9.34,9.35,9.36,9.37,21200,8700,23200,3200,11700,17100,35100,11000,17200,2500,8100,27200,42800,19800,10700,25700,75000,40900,39200,25300
209.0,9.28,414900,3863421.0,9.27,9.26,9.25,9.24,9.22,9.21,9.2,9.19,9.18,9.17,9.28,9.29,9.3,9.31,9.32,9.33,9.34,9.35,9.36,9.37,20700,8700,23200,3200,11700,17100,35100,11000,17200,2500,7000,27200,42800,19800,10700,25700,75000,40900,39200,25300
210.0,9.27,415500,3868983.0,9.27,9.26,9.25,9.24,9.22,9.21,9.2,9.19,9.18,9.17,9.28,9.29,9.3,9.31,9.32,9.33,9.34,9.35,9.36,9.37,20100,8700,23200,3200,11700,17100,35100,11000,17200,2500,7000,27200,42800,19800,10700,25700,75000,40900,39200,25300
211.0,9.27,415500,3868983.0,9.27,9.26,9.25,9.24,9.22,9.21,9.2,9.19,9.18,9.17,9.28,9.29,9.3,9.31,9.32,9.33,9.34,9.35,9.36,9.37,20100,8700,23200,3200,11700,17100,35100,11000,17200,2500,5900,27200,42800,19800,10700,25700,75000,40900,39200,25300
212.0,9.28,416700,3880109.0,9.27,9.26,9.25,9.24,9.22,9.21,9.2,9.19,9.18,9.17,9.28,9.29,9.3,9.31,9.32,9.33,9.34,9.35,9.36,9.37,19100,8700,23200,3200,11700,17100,35100,11000,17200,2500,5700,27200,42800,19800,10700,25700,75000,40900,39200,25300
213.0,9.27,433600,4036773.0,9.27,9.26,9.25,9.24,9.22,9.21,9.2,9.19,9.18,9.17,9.28,9.29,9.3,9.31,9.32,9.33,9.34,9.35,9.36,9.37,2300,8700,23200,3200,11700,17100,35100,11000,17200,2500,5600,17800,42800,19800,10700,25700,75000,40900,39200,25300
214.0,9.27,433600,4036773.0,9.27,9.26,9.25,9.24,9.22,9.21,9.2,9.19,9.18,9.17,9.28,9.29,9.3,9.31,9.32,9.33,9.34,9.35,9.36,9.37,2300,8700,23200,3200,11700,17100,35100,11000,17200,2500,5600,17800,42800,19800,10700,25700,75000,40900,39200,25300
215.0,9.28,438000,4077605.0,9.27,9.26,9.25,9.24,9.22,9.21,9.2,9.19,9.18,9.17,9.28,9.29,9.3,9.31,9.32,9.33,9.34,9.35,9.36,9.37,3500,8700,23200,3200,11700,17100,35100,11000,17200,2500,1200,17800,42800,19800,10700,25700,75000,39900,39200,25300
216.0,9.27,439000,4086875.0,9.27,9.26,9.25,9.24,9.22,9.21,9.2,9.19,9.18,9.17,9.28,9.29,9.3,9.31,9.32,9.33,9.34,9.35,9.36,9.37,2500,8700,23200,3200,11700,17100,35100,11000,17200,2500,1200,17800,9400,19800,10700,25700,75000,39900,39200,25300
217.0,9.27,442100,4115618.0,9.26,9.25,9.24,9.22,9.21,9.2,9.19,9.18,9.17,9.16,9.27,9.28,9.29,9.3,9.31,9.32,9.33,9.34,9.35,9.36,8700,23200,3200,11700,17100,35100,11000,17200,2500,33900,6600,600,17800,9400,19800,10700,25700,75000,39900,39200
218.0,9.27,442100,4115618.0,9.26,9.25,9.24,9.22,9.21,9.2,9.19,9.18,9.17,9.16,9.27,9.28,9.29,9.3,9.31,9.32,9.33,9.34,9.35,9.36,8800,23200,3200,11700,17100,35100,11000,17200,2500,33900,8300,600,17800,9400,19800,10700,25700,75000,39900,39200
219.0,9.26,443200,4125804.0,9.26,9.25,9.24,9.22,9.21,9.2,9.19,9.18,9.17,9.16,9.27,9.28,9.29,9.3,9.31,9.32,9.33,9.34,9.35,9.36,7700,23200,3200,11700,17100,35100,11000,17200,2500,33900,8300,600,17800,9400,19800,10700,25700,75000,39900,39200
220.0,9.26,443900,4132286.0,9.26,9.25,9.24,9.22,9.21,9.2,9.19,9.18,9.17,9.16,9.27,9.28,9.29,9.3,9.31,9.32,9.33,9.34,9.35,9.36,7000,23200,3200,11700,17100,35100,11000,17200,2500,33900,8300,600,17800,9400,19800,10700,25700,75000,39900,39200
221.0,9.26,443900,4132286.0,9.26,9.25,9.24,9.22,9.21,9.2,9.19,9.18,9.17,9.16,9.27,9.28,9.29,9.3,9.31,9.32,9.33,9.34,9.35,9.36,7000,23200,3200,12500,17100,35100,11000,17200,2500,33900,8300,600,17800,9400,19800,10700,25700,75000,39900,39200
222.0,9.27,448500,4174928.0,9.26,9.25,9.24,9.22,9.21,9.2,9.19,9.18,9.17,9.16,9.27,9.28,9.29,9.3,9.31,9.32,9.33,9.34,9.35,9.36,8300,23200,3200,12500,17100,35100,11000,17200,2500,33900,3700,600,17800,7500,19800,10700,25700,75000,40200,39200
223.0,9.27,448600,4175855.0,9.26,9.25,9.24,9.22,9.21,9.2,9.19,9.18,9.17,9.16,9.27,9.28,9.29,9.3,9.31,9.32,9.33,9.34,9.35,9.36,9600,23200,3200,12500,17100,35100,11000,17200,2500,34100,3600,600,17800,7500,19800,10700,25700,75000,40200,39200
224.0,9.27,448600,4175855.0,9.26,9.25,9.24,9.22,9.21,9.2,9.19,9.18,9.17,9.16,9.27,9.28,9.29,9.3,9.31,9.32,9.33,9.34,9.35,9.36,14600,23200,3200,12500,17100,35100,11000,17200,2500,34100,3600,600,17800,7500,19800,10700,25700,75000,40200,39200
225.0,9.27,449000,4179563.0,9.26,9.25,9.24,9.22,9.21,9.2,9.19,9.18,9.17,9.16,9.27,9.28,9.29,9.3,9.31,9.32,9.33,9.34,9.35,9.36,15600,23200,3200,12500,17100,35100,11000,17200,2500,32000,3200,600,17800,8500,19800,10700,25700,75000,40200,39200
226.0,9.27,450700,4195322.0,9.26,9.25,9.24,9.22,9.21,9.2,9.19,9.18,9.17,9.16,9.27,9.28,9.29,9.3,9.31,9.32,9.33,9.34,9.35,9.36,15600,23200,3200,12500,17100,35100,11000,17200,2500,32000,1500,4200,17800,8500,19800,10700,25500,72000,40200,39200
227.0,9.28,455400,4238861.0,9.27,9.26,9.25,9.24,9.22,9.21,9.2,9.19,9.18,9.17,9.28,9.29,9.3,9.31,9.32,9.33,9.34,9.35,9.36,9.37,800,12500,23200,3200,12500,17100,35100,11000,17200,2500,4100,17800,8500,19800,10700,25500,72000,40200,39200,25300
228.0,9.28,455800,4242573.0,9.27,9.26,9.25,9.24,9.22,9.21,9.2,9.19,9.18,9.17,9.28,9.29,9.3,9.31,9.32,9.33,9.34,9.35,9.36,9.37,1800,12500,23200,3200,12500,17100,35100,11000,17200,2500,3700,17800,8500,19800,10700,25500,72000,40200,39200,25300
229.0,9.28,456100,4245357.0,9.27,9.26,9.25,9.24,9.22,9.21,9.2,9.19,9.18,9.17,9.28,9.29,9.3,9.31,9.32,9.33,9.34,9.35,9.36,9.37,2400,12500,23200,3200,12500,17100,35100,11000,17200,2500,3800,17800,7500,19800,10700,25500,72000,40200,39200,25300
230.0,9.28,456200,4246285.0,9.27,9.26,9.25,9.24,9.22,9.21,9.2,9.19,9.18,9.17,9.28,9.29,9.3,9.31,9.32,9.33,9.34,9.35,9.36,9.37,2400,12500,23200,3200,12500,17100,35100,11000,17200,2500,8900,17800,7500,19800,10700,25500,72000,40200,39200,25300
231.0,9.28,456200,4246285.0,9.27,9.26,9.25,9.24,9.22,9.21,9.2,9.19,9.18,9.17,9.28,9.29,9.3,9.31,9.32,9.33,9.34,9.35,9.36,9.37,2400,12500,23200,3200,12500,17100,35100,11000,17200,2500,8900,17800,7500,19800,10700,25500,72000,40200,39200,25300
232.0,9.28,456200,4246285.0,9.27,9.26,9.25,9.24,9.22,9.21,9.2,9.19,9.18,9.17,9.28,9.29,9.3,9.31,9.32,9.33,9.34,9.35,9.36,9.37,2400,12500,23200,3200,12500,17100,35100,11000,17200,2500,8900,17800,7500,19800,10700,25500,72000,40200,39200,25300
233.0,9.28,457100,4254637.0,9.27,9.26,9.25,9.24,9.22,9.21,9.2,9.19,9.18,9.17,9.28,9.29,9.3,9.31,9.32,9.33,9.34,9.35,9.36,9.37,1600,12500,23200,3200,12500,17100,35100,11000,17200,2500,8000,17800,7500,19800,10700,25500,72000,40200,39200,25300
234.0,9.27,457200,4255564.0,9.27,9.26,9.25,9.24,9.22,9.21,9.2,9.19,9.18,9.17,9.28,9.29,9.3,9.31,9.32,9.33,9.34,9.35,9.36,9.37,1500,12500,23200,3200,12500,17100,35300,11000,17200,2500,8000,17800,7500,19800,10700,25500,72000,40500,39200,25300
235.0,9.27,457200,4255564.0,9.27,9.26,9.25,9.24,9.22,9.21,9.2,9.19,9.18,9.17,9.28,9.29,9.3,9.31,9.32,9.33,9.34,9.35,9.36,9.37,1500,12500,23200,3200,12500,17100,35300,11000,17200,2500,8000,17800,7500,19800,10700,25500,72000,40500,39200,25300
236.0,9.28,458000,4262988.0,9.27,9.26,9.25,9.24,9.22,9.21,9.2,9.19,9.18,9.17,9.28,9.29,9.3,9.31,9.32,9.33,9.34,9.35,9.36,9.37,1500,13400,23200,3200,12500,17100,35300,11000,17200,2500,7200,17800,7500,19800,10700,25500,72000,40500,39200,25300
237.0,9.28,459700,4278757.0,9.27,9.26,9.25,9.24,9.22,9.21,9.2,9.19,9.18,9.17,9.28,9.29,9.3,9.31,9.32,9.33,9.34,9.35,9.36,9.37,800,12100,23200,3200,12500,17100,38700,11000,17200,2500,6200,17800,7500,19800,10700,25500,72300,40500,39200,25300
238.0,9.28,459700,4278757.0,9.27,9.26,9.25,9.24,9.22,9.21,9.2,9.19,9.18,9.17,9.28,9.29,9.3,9.31,9.32,9.33,9.34,9.35,9.36,9.37,800,12100,23200,3200,12500,17100,38700,11000,17200,2500,10200,17800,7500,19800,10700,25500,72300,40500,39200,25300
239.0,9.27,459800,4279684.0,9.27,9.26,9.25,9.24,9.22,9.21,9.2,9.19,9.18,9.17,9.28,9.29,9.3,9.31,9.32,9.33,9.34,9.35,9.36,9.37,700,12100,23200,3200,12500,17100,38700,11000,17200,2500,10200,17800,7500,19800,10700,25500,72300,40500,39200,25300
240.0,9.27,461700,4297308.0,9.26,9.25,9.24,9.23,9.22,9.21,9.2,9.19,9.18,9.17,9.27,9.28,9.29,9.3,9.31,9.32,9.33,9.34,9.35,9.36,10800,23200,3200,700,12500,17100,38700,11000,17200,2500,27000,10000,17800,7500,19800,6800,25500,72300,40500,39200
241.0,9.27,461700,4297308.0,9.26,9.25,9.24,9.23,9.22,9.21,9.2,9.19,9.18,9.17,9.27,9.28,9.29,9.3,9.31,9.32,9.33,9.34,9.35,9.36,10800,23200,3200,700,12500,17100,40200,11000,17200,2500,27000,10000,17800,7500,19800,6800,25500,72300,40500,39200
242.0,9.26,462700,4306568.0,9.26,9.25,9.24,9.23,9.22,9.21,9.2,9.19,9.18,9.17,9.27,9.28,9.29,9.3,9.31,9.32,9.33,9.34,9.35,9.36,9800,23200,3200,700,12500,17100,40200,11000,17200,2500,27000,10000,17800,7500,19800,6800,25500,72300,40500,39200
243.0,9.27,466800,4344575.0,9.26,9.25,9.24,9.23,9.22,9.21,9.2,9.19,9.18,9.17,9.27,9.28,9.29,9.3,9.31,9.32,9.33,9.34,9.35,9.36,10400,23200,3200,900,12500,17100,40200,11000,17200,2500,22900,10000,17800,7500,19800,6800,25500,72300,40500,39200
244.0,9.27,466800,4344575.0,9.26,9.25,9.24,9.23,9.22,9.21,9.2,9.19,9.18,9.17,9.27,9.28,9.29,9.3,9.31,9.32,9.33,9.34,9.35,9.36,9400,23200,3200,900,12500,18200,40200,11000,17200,2500,22900,10000,17800,7500,19800,6800,25500,72300,40500,39200
245.0,9.27,471500,4388144.0,9.26,9.25,9.24,9.23,9.22,9.21,9.2,9.19,9.18,9.17,9.27,9.28,9.29,9.3,9.31,9.32,9.33,9.34,9.35,9.36,11900,23200,3200,900,12500,18200,40200,11000,17200,2500,18200,10000,17800,7500,19800,6800,25500,72300,40500,39200
246.0,9.27,474600,4416881.0,9.26,9.25,9.24,9.23,9.22,9.21,9.2,9.19,9.18,9.17,9.27,9.28,9.29,9.3,9.31,9.32,9.33,9.34,9.35,9.36,11900,23200,3200,900,12500,18200,40200,11000,17200,2500,15100,10000,17800,7500,19800,6800,25500,72300,40500,39200
247.0,9.27,474600,4416881.0,9.26,9.25,9.24,9.23,9.22,9.21,9.2,9.19,9.18,9.17,9.27,9.28,9.29,9.3,9.31,9.32,9.33,9.34,9.35,9.36,11900,23200,3200,900,12500,18200,40200,11000,17200,2500,15100,10000,17800,7500,19800,6800,25500,72300,40500,39200
248.0,9.27,474600,4416881.0,9.26,9.25,9.24,9.23,9.22,9.21,9.2,9.19,9.18,9.17,9.27,9.28,9.29,9.3,9.31,9.32,9.33,9.34,9.35,9.36,11900,23200,3200,900,12500,18200,40200,11000,17200,2500,15100,10000,17800,7500,19800,6800,25500,72300,40500,39200
249.0,9.25,505000,4698252.0,9.25,9.24,9.23,9.22,9.21,9.2,9.19,9.18,9.17,9.16,9.26,9.27,9.28,9.29,9.3,9.31,9.32,9.33,9.34,9.35,7300,3200,900,12500,18200,40200,11000,17200,2500,32000,2600,12500,10000,17800,7500,19800,6800,25500,72300,40500
250.0,9.25,506400,4711202.0,9.25,9.24,9.23,9.22,9.21,9.2,9.19,9.18,9.17,9.16,9.26,9.27,9.28,9.29,9.3,9.31,9.32,9.33,9.34,9.35,5900,3200,900,12500,18200,40200,11000,17200,2500,32000,2600,12500,10000,17800,7500,19800,6800,25500,72300,40500
251.0,9.26,509000,4735278.0,9.26,9.25,9.24,9.23,9.22,9.21,9.2,9.19,9.18,9.17,9.27,9.28,9.29,9.3,9.31,9.32,9.33,9.34,9.35,9.36,7500,5900,3200,900,12500,18200,40200,11000,17200,2500,13400,10000,17800,7500,19800,6800,25500,72300,40500,39200
252.0,9.27,510000,4744548.0,9.26,9.25,9.24,9.23,9.22,9.21,9.2,9.19,9.18,9.17,9.27,9.28,9.29,9.3,9.31,9.32,9.33,9.34,9.35,9.36,8700,5900,3200,900,12500,18200,40200,11000,17200,2500,12400,10000,17800,7500,19800,6800,25500,72300,40500,39200
253.0,9.27,510000,4744548.0,9.26,9.25,9.24,9.23,9.22,9.21,9.2,9.19,9.18,9.17,9.27,9.28,9.29,9.3,9.31,9.32,9.33,9.34,9.35,9.36,8700,5900,3200,900,12500,18200,40200,11000,17200,2500,12400,10000,17800,6500,19800,6800,25500,72300,40500,39200
254.0,9.26,510400,4748252.0,9.26,9.25,9.24,9.23,9.22,9.21,9.2,9.19,9.18,9.17,9.27,9.28,9.29,9.3,9.31,9.32,9.33,9.34,9.35,9.36,9800,5900,3200,900,12500,18200,40200,11000,17200,2500,12400,10000,17800,6500,19800,6800,25500,72300,40500,39200
255.0,9.27,516400,4803872.0,9.26,9.25,9.24,9.23,9.22,9.21,9.2,9.19,9.18,9.17,9.27,9.28,9.29,9.3,9.31,9.32,9.33,9.34,9.35,9.36,9800,5900,3200,1400,12500,18200,40200,11000,17200,2500,6400,10000,17800,6500,19800,6800,25500,72300,40500,39200
256.0,9.26,517300,4812206.0,9.26,9.25,9.24,9.23,9.22,9.21,9.2,9.19,9.18,9.17,9.27,9.28,9.29,9.3,9.31,9.32,9.33,9.34,9.35,9.36,8900,5900,3200,1400,12500,18200,40200,11000,17200,2500,6400,10000,17800,6500,19800,6800,25500,72300,40500,39200
257.0,9.26,517300,4812206.0,9.26,9.25,9.24,9.23,9.22,9.21,9.2,9.19,9.18,9.17,9.27,9.28,9.29,9.3,9.31,9.32,9.33,9.34,9.35,9.36,2600,5900,3200,1400,12500,18200,38700,11000,17200,2500,6400,10000,17800,6500,19800,6800,25500,72300,40500,39200
258.0,9.27,517900,4817768.0,9.26,9.25,9.24,9.23,9.22,9.21,9.2,9.19,9.18,9.17,9.27,9.28,9.29,9.3,9.31,9.32,9.33,9.34,9.35,9.36,3000,5900,3200,1400,12500,18200,38700,11000,17200,2500,5800,10000,17800,6500,19800,6800,25500,72300,40500,39200
259.0,9.27,517900,4817768.0,9.26,9.25,9.24,9.23,9.22,9.21,9.2,9.19,9.18,9.17,9.27,9.28,9.29,9.3,9.31,9.32,9.33,9.34,9.35,9.36,3000,5900,3200,1400,12500,18200,38700,11000,17200,2500,5800,10000,17800,6500,19800,6800,25500,72300,40500,39200
260.0,9.27,518100,4819621.0,9.26,9.25,9.24,9.23,9.22,9.21,9.2,9.19,9.18,9.17,9.27,9.28,9.29,9.3,9.31,9.32,9.33,9.34,9.35,9.36,1100,5900,3200,1400,12500,18200,38700,11000,17200,2500,5700,10000,17800,6500,19800,6800,25500,72300,40500,39200
261.0,9.27,519900,4836307.0,9.26,9.25,9.24,9.23,9.22,9.21,9.2,9.19,9.18,9.17,9.27,9.28,9.29,9.3,9.31,9.32,9.33,9.34,9.35,9.36,100,5900,3200,1400,12500,18200,38700,11000,17200,2500,3900,10000,17800,6500,19800,6800,25500,72300,40500,39200
262.0,9.27,520200,4839088.0,9.26,9.25,9.24,9.23,9.22,9.21,9.2,9.19,9.18,9.17,9.27,9.28,9.29,9.3,9.31,9.32,9.33,9.34,9.35,9.36,100,5900,3200,1400,12500,18200,38700,11000,17200,2500,3600,10000,17800,6500,19800,6800,25500,72300,40500,39200
263.0,9.27,523800,4872460.0,9.27,9.26,9.25,9.24,9.23,9.22,9.21,9.2,9.19,9.18,9.28,9.29,9.3,9.31,9.32,9.33,9.34,9.35,9.36,9.37,400,1800,5900,3200,1400,12500,18200,38700,11000,17200,10000,17800,6500,19800,6800,25500,72300,40500,39200,25300
264.0,9.27,523800,4872460.0,9.27,9.26,9.25,9.24,9.23,9.22,9.21,9.2,9.19,9.18,9.28,9.29,9.3,9.31,9.32,9.33,9.34,9.35,9.36,9.37,400,1800,5900,3200,1400,12500,18200,38700,11000,17200,10000,17800,6500,19800,6800,25500,72300,40500,39200,25300
265.0,9.28,524800,4881740.0,9.27,9.26,9.25,9.24,9.23,9.22,9.21,9.2,9.19,9.18,9.28,9.29,9.3,9.31,9.32,9.33,9.34,9.35,9.36,9.37,400,3300,6200,3200,2300,12500,18200,38700,11000,17200,9000,17800,6500,19800,6800,25500,72300,40500,39200,25300
266.0,9.28,524800,4881740.0,9.27,9.26,9.25,9.24,9.23,9.22,9.21,9.2,9.19,9.18,9.28,9.29,9.3,9.31,9.32,9.33,9.34,9.35,9.36,9.37,900,3300,6200,3200,2300,12500,18200,38700,11000,17200,9000,17800,6500,19800,6800,25500,72300,40500,39200,25300
267.0,9.28,524800,4881740.0,9.27,9.26,9.25,9.24,9.23,9.22,9.21,9.2,9.19,9.18,9.28,9.29,9.3,9.31,9.32,9.33,9.34,9.35,9.36,9.37,900,4500,6200,3200,2300,12800,18200,38700,11000,17200,9000,17800,5500,19800,6800,25500,72300,40500,39200,25300
268.0,9.28,526200,4894732.0,9.27,9.26,9.25,9.24,9.23,9.22,9.21,9.2,9.19,9.18,9.28,9.29,9.3,9.31,9.32,9.33,9.34,9.35,9.36,9.37,1000,6500,6200,3200,2300,12800,18200,38700,11000,17200,7600,17800,5500,19800,6800,25500,72300,40500,39200,25300
269.0,9.28,526200,4894732.0,9.27,9.26,9.25,9.24,9.23,9.22,9.21,9.2,9.19,9.18,9.28,9.29,9.3,9.31,9.32,9.33,9.34,9.35,9.36,9.37,2400,6500,6200,3200,2300,12800,18200,38700,11000,17200,7600,17800,5500,19800,6800,25500,72300,40500,39200,25300
270.0,9.27,526400,4896586.0,9.27,9.26,9.25,9.24,9.23,9.22,9.21,9.2,9.19,9.18,9.28,9.29,9.3,9.31,9.32,9.33,9.34,9.35,9.36,9.37,2200,6500,6200,3200,2300,12800,18200,38700,11000,17200,7600,17800,5500,19800,6800,25500,72300,40500,39200,25300
271.0,9.27,527200,4904009.0,9.27,9.26,9.25,9.24,9.23,9.22,9.21,9.2,9.19,9.18,9.28,9.29,9.3,9.31,9.32,9.33,9.34,9.35,9.36,9.37,2100,6500,6200,3200,2300,12800,18200,38700,11000,17200,6900,17800,5500,19800,6800,25500,72300,40500,39200,25300
272.0,9.27,527200,4904009.0,9.27,9.26,9.25,9.24,9.23,9.22,9.21,9.2,9.19,9.18,9.28,9.29,9.3,9.31,9.32,9.33,9.34,9.35,9.36,9.37,2300,6500,9200,3200,2300,12800,18200,38700,11000,17200,6900,9700,5500,19800,6800,25500,72300,40500,39200,25300
273.0,9.28,528500,4916073.0,9.27,9.26,9.25,9.24,9.23,9.22,9.21,9.2,9.19,9.18,9.28,9.29,9.3,9.31,9.32,9.33,9.34,9.35,9.36,9.37,2300,6500,9200,3200,2300,12800,18200,38700,11000,17200,5600,9700,5500,19800,6800,25500,72300,40500,39200,25300
274.0,9.27,533200,4959647.0,9.26,9.25,9.24,9.23,9.22,9.21,9.2,9.19,9.18,9.17,9.27,9.28,9.29,9.3,9.31,9.32,9.33,9.34,9.35,9.36,11000,9200,3200,2300,12800,18200,38700,11000,17200,2500,300,5100,9700,5500,19800,6800,25500,72300,41000,39200
275.0,9.27,534100,4967990.0,9.27,9.26,9.25,9.24,9.23,9.22,9.21,9.2,9.19,9.18,9.28,9.29,9.3,9.31,9.32,9.33,9.34,9.35,9.36,9.37,4100,14100,9200,3200,2300,6800,18200,38700,11000,17200,5100,9700,5500,19800,6800,25500,72300,41000,39200,25300
276.0,9.27,535100,4977260.0,9.27,9.26,9.25,9.24,9.23,9.22,9.21,9.2,9.19,9.18,9.28,9.29,9.3,9.31,9.32,9.33,9.34,9.35,9.36,9.37,3100,14100,9200,3200,2300,6800,18200,38700,11000,17200,5100,9700,5500,19800,6800,25500,72300,41000,39200,25300
277.0,9.27,537400,4998581.0,9.27,9.26,9.25,9.24,9.23,9.22,9.21,9.2,9.19,9.18,9.28,9.29,9.3,9.31,9.32,9.33,9.34,9.35,9.36,9.37,800,14100,9200,4200,2300,6800,18200,38700,11000,17200,5100,9700,5500,19800,6800,25500,72300,42100,39200,25300
278.0,9.28,537900,5003221.0,9.27,9.26,9.25,9.24,9.23,9.22,9.21,9.2,9.19,9.18,9.28,9.29,9.3,9.31,9.32,9.33,9.34,9.35,9.36,9.37,800,14100,9200,4200,2300,6800,18200,38700,11000,17200,4600,9700,5500,19800,6800,25500,72300,42100,39200,25300
279.0,9.26,546000,5078245.0,9.26,9.25,9.24,9.23,9.22,9.21,9.2,9.19,9.18,9.17,9.28,9.29,9.3,9.31,9.32,9.33,9.34,9.35,9.36,9.37,7800,9200,4200,2300,6800,18200,38700,11000,17200,2500,4600,9700,5500,19800,6800,25500,72300,32100,39200,25300
280.0,9.26,552700,5140312.0,9.26,9.25,9.24,9.23,9.22,9.21,9.2,9.19,9.18,9.17,9.27,9.28,9.29,9.3,9.31,9.32,9.33,9.34,9.35,9.36,4600,7200,4200,2300,6800,18200,38700,11000,17200,2500,600,5600,9700,5500,19800,6800,25500,72300,32100,39200
281.0,9.26,552700,5140312.0,9.26,9.25,9.24,9.23,9.22,9.21,9.2,9.19,9.18,9.17,9.27,9.28,9.29,9.3,9.31,9.32,9.33,9.34,9.35,9.36,5600,7200,4200,2300,6800,18200,38700,11000,17200,2500,600,5600,9700,5500,19800,6800,25500,72300,32100,39200
282.0,9.26,552700,5140312.0,9.26,9.25,9.24,9.23,9.22,9.21,9.2,9.19,9.18,9.17,9.27,9.28,9.29,9.3,9.31,9.32,9.33,9.34,9.35,9.36,5600,7200,4200,2300,6800,18200,38700,11000,17200,2500,600,5600,9700,5500,19800,6800,25500,72300,32100,39200
283.0,9.26,552700,5140312.0,9.26,9.25,9.24,9.23,9.22,9.21,9.2,9.19,9.18,9.17,9.27,9.28,9.29,9.3,9.31,9.32,9.33,9.34,9.35,9.36,5600,7200,4200,2300,6800,18200,38700,11000,17200,2500,600,5600,9700,5500,19800,6800,25500,72300,32100,39200
284.0,9.26,552700,5140312.0,9.26,9.25,9.24,9.23,9.22,9.21,9.2,9.19,9.18,9.17,9.27,9.28,9.29,9.3,9.31,9.32,9.33,9.34,9.35,9.36,5600,7200,4200,2300,6800,18200,38700,11000,17200,2500,600,5600,9700,5500,19800,6800,25500,72300,32100,39200
285.0,9.27,553300,5145869.0,9.26,9.25,9.24,9.23,9.22,9.21,9.2,9.19,9.18,9.17,9.27,9.28,9.29,9.3,9.31,9.32,9.33,9.34,9.35,9.36,5100,7200,4200,2300,6800,18200,38700,11000,17200,2500,500,5600,9700,5500,19800,6800,25500,72300,32100,39200
286.0,9.27,553300,5145869.0,9.26,9.25,9.24,9.23,9.22,9.21,9.2,9.19,9.18,9.17,9.27,9.28,9.29,9.3,9.31,9.32,9.33,9.34,9.35,9.36,17100,7200,4200,2300,6800,18200,38700,11000,17200,2500,500,7600,9700,5500,19800,6800,25500,72300,32100,39200
287.0,9.27,553300,5145869.0,9.26,9.25,9.24,9.23,9.22,9.21,9.2,9.19,9.18,9.17,9.27,9.28,9.3,9.31,9.32,9.33,9.34,9.35,9.36,9.37,17100,8200,4200,2300,6800,18200,38700,11000,17200,2500,500,7600,5500,19800,6800,25500,72300,32100,39200,25300
288.0,9.27,553300,5145869.0,9.26,9.25,9.24,9.23,9.22,9.21,9.2,9.19,9.18,9.17,9.27,9.28,9.3,9.31,9.32,9.33,9.34,9.35,9.36,9.37,17100,9200,4200,2300,6800,18200,38700,11000,17200,2500,500,7600,5500,19800,6800,25500,72300,32100,39200,25300
289.0,9.26,559900,5206986.0,9.26,9.25,9.24,9.23,9.22,9.21,9.2,9.19,9.18,9.17,9.27,9.28,9.3,9.31,9.32,9.33,9.34,9.35,9.36,9.37,10600,9200,4200,2300,6800,18200,38700,11000,17200,2500,500,7600,5500,19800,6800,25500,72300,32100,39200,25300
290.0,9.26,559900,5206986.0,9.26,9.25,9.24,9.23,9.22,9.21,9.2,9.19,9.18,9.17,9.27,9.28,9.3,9.31,9.32,9.33,9.34,9.35,9.36,9.37,15800,15200,4200,2300,6800,18200,38700,11000,17200,2500,500,7600,5500,19800,6800,25500,72300,32100,39200,25300
291.0,9.26,559900,5206986.0,9.26,9.25,9.24,9.23,9.22,9.21,9.2,9.19,9.18,9.17,9.27,9.28,9.3,9.31,9.32,9.33,9.34,9.35,9.36,9.37,15800,15200,4200,2300,7300,18200,38700,11000,17200,2500,500,7600,5500,19800,6800,25500,72300,32100,39200,25300
292.0,9.26,560900,5216246.0,9.26,9.25,9.24,9.23,9.22,9.21,9.2,9.19,9.18,9.17,9.27,9.28,9.3,9.31,9.32,9.33,9.34,9.35,9.36,9.37,14800,15200,4200,2300,7300,17900,38700,11000,17200,2500,500,7600,5500,19800,6800,25500,72300,32100,39200,25300
293.0,9.26,560900,5216246.0,9.26,9.25,9.24,9.23,9.22,9.21,9.2,9.19,9.18,9.17,9.27,9.28,9.3,9.31,9.32,9.33,9.34,9.35,9.36,9.37,14800,15200,4200,2300,7300,17900,38700,11000,17200,2500,500,7600,5500,19800,6800,25500,72300,32100,39200,25300
294.0,9.26,560900,5216246.0,9.26,9.25,9.24,9.23,9.22,9.21,9.2,9.19,9.18,9.17,9.27,9.28,9.3,9.31,9.32,9.33,9.34,9.35,9.36,9.37,14800,15200,4200,2300,7300,17900,38700,11000,17200,2500,500,15700,5500,19800,6800,25500,72300,32300,39200,25300
295.0,9.26,560900,5216246.0,9.26,9.25,9.24,9.23,9.22,9.21,9.2,9.19,9.18,9.17,9.27,9.28,9.3,9.31,9.32,9.33,9.34,9.35,9.36,9.37,31200,15200,4200,2300,7300,17900,38700,11000,17200,2500,500,15700,5500,19800,6800,25500,72300,32300,39200,25300
296.0,9.27,561100,5218100.0,9.26,9.25,9.24,9.23,9.22,9.21,9.2,9.19,9.18,9.17,9.27,9.28,9.3,9.31,9.32,9.33,9.34,9.35,9.36,9.37,31200,15200,4200,2300,7300,17900,38700,11000,17200,2500,300,15700,5500,19800,6800,25500,72300,34300,39200,25300
297.0,9.27,561100,5218100.0,9.26,9.25,9.24,9.23,9.22,9.21,9.2,9.19,9.18,9.17,9.27,9.28,9.3,9.31,9.32,9.33,9.34,9.35,9.36,9.37,31200,15200,4200,2300,7300,17900,38700,11000,17200,2500,300,15700,5500,19800,6800,25500,72300,34300,39200,25300
298.0,9.27,561100,5218100.0,9.26,9.25,9.24,9.23,9.22,9.21,9.2,9.19,9.18,9.17,9.27,9.28,9.3,9.31,9.32,9.33,9.34,9.35,9.36,9.37,31200,15200,4200,2300,7300,17900,38700,11000,17200,2500,3300,15700,5500,19800,6800,25500,72300,34300,39200,25300
299.0,9.27,564100,5245900.0,9.26,9.25,9.24,9.23,9.22,9.21,9.2,9.19,9.18,9.17,9.27,9.28,9.3,9.31,9.32,9.33,9.34,9.35,9.36,9.37,30200,15200,4200,2300,7300,17900,38700,11000,17200,2500,1300,15700,5500,19800,6800,25500,72300,34300,39200,25300
300.0,9.27,564900,5253311.0,9.26,9.25,9.24,9.23,9.22,9.21,9.2,9.19,9.18,9.17,9.27,9.28,9.3,9.31,9.32,9.33,9.34,9.35,9.36,9.37,29700,15200,4200,2300,7300,17900,38700,11000,17200,2500,1000,15700,5500,19800,6800,25500,72300,34300,39200,25300
301.0,9.27,564900,5253311.0,9.26,9.25,9.24,9.23,9.22,9.21,9.2,9.19,9.18,9.17,9.27,9.28,9.3,9.31,9.32,9.33,9.34,9.35,9.36,9.37,29700,15200,4200,2300,7300,17900,38700,11000,17200,2500,1000,15700,5500,19800,6800,25500,72300,34300,39200,25300
302.0,9.27,565000,5254238.0,9.26,9.25,9.24,9.23,9.22,9.21,9.2,9.19,9.18,9.17,9.27,9.28,9.3,9.31,9.32,9.33,9.34,9.35,9.36,9.37,29700,15200,4200,2300,7500,17900,38700,11000,17200,2500,900,15700,5500,19800,6800,25500,72300,34300,39200,25300
303.0,9.27,565000,5254238.0,9.26,9.25,9.24,9.23,9.22,9.21,9.2,9.19,9.18,9.17,9.27,9.28,9.3,9.31,9.32,9.33,9.34,9.35,9.36,9.37,29700,15200,4200,2300,7500,17900,38700,11000,17200,2500,1000,15700,5500,19800,6800,25500,72300,34300,39200,25300
304.0,9.27,565900,5262581.0,9.26,9.25,9.24,9.23,9.22,9.21,9.2,9.19,9.18,9.17,9.27,9.28,9.3,9.31,9.32,9.33,9.34,9.35,9.36,9.37,29700,15200,4200,2300,7500,17900,38700,11000,17200,2500,100,15700,5500,19800,6800,25500,72300,34300,39200,25300
305.0,9.26,566400,5267211.0,9.26,9.25,9.24,9.23,9.22,9.21,9.2,9.19,9.18,9.17,9.27,9.28,9.3,9.31,9.32,9.33,9.34,9.35,9.36,9.37,29200,15200,4200,2300,7500,17900,38700,11000,17200,2500,100,15700,5500,19800,6800,25500,72300,34300,39200,25300
306.0,9.26,566400,5267211.0,9.26,9.25,9.24,9.23,9.22,9.21,9.2,9.19,9.18,9.17,9.27,9.28,9.3,9.31,9.32,9.33,9.34,9.35,9.36,9.37,29200,15200,4200,2300,7500,17900,38700,11000,17200,2500,100,15700,5500,19800,6800,25500,72300,34300,39200,25300
307.0,9.25,601000,5587555.0,9.25,9.24,9.23,9.22,9.21,9.2,9.19,9.18,9.17,9.16,9.26,9.27,9.28,9.3,9.31,9.32,9.33,9.34,9.35,9.36,9900,4200,2300,7500,17900,38700,11000,17200,2500,32000,5000,200,15700,5500,19800,6800,25500,72300,34300,39200
308.0,9.27,604000,5615342.0,9.25,9.24,9.23,9.22,9.21,9.2,9.19,9.18,9.17,9.16,9.27,9.28,9.3,9.31,9.32,9.33,9.34,9.35,9.36,9.37,9900,4200,2300,7500,17900,38700,11000,17200,2500,32000,800,15700,5500,19800,6800,25500,72300,34300,39200,25300
309.0,9.26,617800,5743014.0,9.24,9.23,9.22,9.21,9.2,9.19,9.18,9.17,9.16,9.15,9.27,9.28,9.3,9.31,9.32,9.33,9.34,9.35,9.36,9.37,4200,2300,7500,17900,38700,11000,17200,2500,32000,16100,1900,15700,5500,19800,6800,25500,72300,34300,39200,25300
310.0,9.27,618100,5745795.0,9.24,9.23,9.22,9.21,9.2,9.19,9.18,9.17,9.16,9.15,9.25,9.26,9.27,9.28,9.3,9.31,9.32,9.33,9.34,9.35,5000,2300,7800,17900,38700,11000,17200,2500,32000,16100,1500,1800,2400,15700,5500,19800,6800,25500,72300,34300
311.0,9.27,618100,5745795.0,9.24,9.23,9.22,9.21,9.2,9.19,9.18,9.17,9.16,9.15,9.25,9.26,9.27,9.28,9.3,9.31,9.32,9.33,9.34,9.35,5000,2300,7800,17900,38700,11000,17200,2500,32000,16100,1500,1800,2400,15700,5500,19800,6800,25500,72300,34300
312.0,9.25,618200,5746720.0,9.24,9.23,9.22,9.21,9.2,9.19,9.18,9.17,9.16,9.15,9.25,9.26,9.27,9.28,9.3,9.31,9.32,9.33,9.34,9.35,5000,2300,7800,17900,38700,11000,17200,2500,32000,16100,1400,1800,2400,15700,5500,19800,6800,25500,72300,34300
313.0,9.24,623200,5792920.0,9.23,9.22,9.21,9.2,9.19,9.18,9.17,9.16,9.15,9.14,9.24,9.25,9.26,9.27,9.28,9.3,9.31,9.32,9.33,9.34,6300,7800,17900,38700,11000,17200,2500,32000,16100,8000,800,2000,14200,38900,15700,5500,19800,6800,21500,72300
314.0,9.24,624500,5804926.0,9.23,9.22,9.21,9.2,9.19,9.18,9.17,9.16,9.15,9.14,9.24,9.25,9.26,9.27,9.28,9.3,9.31,9.32,9.33,9.34,5700,7800,17900,38700,11000,17200,2500,32000,16100,8000,800,2000,14200,38900,15700,5500,19800,6800,21500,72300
315.0,9.25,626900,5827118.0,9.23,9.22,9.21,9.2,9.19,9.18,9.17,9.16,9.15,9.14,9.25,9.26,9.27,9.28,9.3,9.31,9.32,9.33,9.34,9.35,5700,7800,17900,38700,11000,17200,2500,32000,16100,8000,500,14200,38900,15700,5500,19800,6800,21500,72300,34300
316.0,9.25,627100,5828968.0,9.23,9.22,9.21,9.2,9.19,9.18,9.17,9.16,9.15,9.14,9.25,9.26,9.27,9.28,9.3,9.31,9.32,9.33,9.34,9.35,7800,7800,17900,38700,11000,17200,2500,32000,16100,8000,4400,14200,38900,15700,5500,19800,6800,21500,72300,34300
317.0,9.25,627100,5828968.0,9.24,9.23,9.22,9.21,9.2,9.19,9.18,9.17,9.16,9.15,9.25,9.26,9.27,9.28,9.3,9.31,9.32,9.33,9.34,9.35,1900,10800,7800,17900,38700,11000,17200,2500,32000,16100,7400,14200,38900,15700,5500,19800,6800,21500,72300,34300
318.0,9.25,627100,5828968.0,9.24,9.23,9.22,9.21,9.2,9.19,9.18,9.17,9.16,9.15,9.25,9.26,9.27,9.28,9.3,9.31,9.32,9.33,9.34,9.35,1900,10800,7800,17900,38700,11000,17200,2500,32000,16100,7400,14200,38900,15700,5500,19800,6800,21500,72300,33100
319.0,9.25,627800,5835443.0,9.24,9.23,9.22,9.21,9.2,9.19,9.18,9.17,9.16,9.15,9.25,9.26,9.27,9.28,9.3,9.31,9.32,9.33,9.34,9.35,1900,10800,7800,17900,38700,11000,17200,2500,32000,16100,6700,14200,38900,15700,5500,19800,6800,21500,72300,33100
320.0,9.25,629100,5847468.0,9.24,9.23,9.22,9.21,9.2,9.19,9.18,9.17,9.16,9.15,9.25,9.26,9.27,9.28,9.3,9.31,9.32,9.33,9.34,9.35,1900,10800,7800,17900,38700,11000,17200,2500,32000,16100,5400,14200,38900,15700,5500,19800,6800,21500,72300,33100
321.0,9.25,629100,5847468.0,9.24,9.23,9.22,9.21,9.2,9.19,9.18,9.17,9.16,9.15,9.25,9.26,9.27,9.28,9.3,9.31,9.32,9.33,9.34,9.35,1900,10800,7800,17900,38700,11000,17200,2500,32000,16100,5400,14200,38900,15700,5500,19800,6800,21500,72300,33100
322.0,9.25,629700,5853017.0,9.24,9.23,9.22,9.21,9.2,9.19,9.18,9.17,9.16,9.15,9.25,9.26,9.27,9.28,9.3,9.31,9.32,9.33,9.34,9.35,1800,10800,7800,18400,38700,11000,17200,2500,32000,16100,4900,14200,38900,15700,5500,19800,6800,21500,72300,33100
323.0,9.25,629700,5853017.0,9.24,9.23,9.22,9.21,9.2,9.19,9.18,9.17,9.16,9.15,9.25,9.26,9.27,9.28,9.3,9.31,9.32,9.33,9.34,9.35,1800,10800,7800,18400,38700,11000,17200,2500,32000,16100,4900,14200,38900,15700,5500,19800,6800,21500,72300,33100
324.0,9.25,629700,5853017.0,9.24,9.23,9.22,9.21,9.2,9.19,9.18,9.17,9.16,9.15,9.25,9.26,9.27,9.28,9.3,9.31,9.32,9.33,9.34,9.35,1800,10800,7800,18400,38700,11000,17200,2500,32000,16100,4900,14200,38900,15700,5500,19800,6800,21500,72300,33100
325.0,9.25,629700,5853017.0,9.24,9.23,9.22,9.21,9.2,9.19,9.18,9.17,9.16,9.15,9.25,9.26,9.27,9.28,9.3,9.31,9.32,9.33,9.34,9.35,1800,10800,7800,18400,38700,11000,17200,2500,32000,16100,4900,14200,38900,15700,5500,19800,6800,21500,72300,33100
326.0,9.25,630100,5856717.0,9.24,9.23,9.22,9.21,9.2,9.19,9.18,9.17,9.16,9.15,9.25,9.26,9.27,9.28,9.3,9.31,9.32,9.33,9.34,9.35,4400,10800,7800,18400,38700,11000,17200,2500,32000,16100,4500,14200,38900,15700,5500,19800,6800,21500,72300,33100
327.0,9.25,630100,5856717.0,9.24,9.23,9.22,9.21,9.2,9.19,9.18,9.17,9.16,9.15,9.25,9.26,9.27,9.28,9.3,9.31,9.32,9.33,9.34,9.35,4400,10800,7800,18400,38700,11000,17200,2500,32000,16100,4500,15200,38900,15700,5500,19800,6800,21500,69300,33100
328.0,9.25,631500,5869667.0,9.24,9.23,9.22,9.21,9.2,9.19,9.18,9.17,9.16,9.15,9.25,9.26,9.27,9.28,9.3,9.31,9.32,9.33,9.34,9.35,4400,10800,7000,18400,38700,11000,17200,2500,32000,16100,4800,15200,2400,15700,5500,19800,6800,21500,69300,33100
329.0,9.25,632300,5877063.0,9.24,9.23,9.22,9.21,9.2,9.19,9.18,9.17,9.16,9.15,9.25,9.26,9.27,9.28,9.3,9.31,9.32,9.33,9.34,9.35,4000,10800,7000,18400,38700,11000,17200,2500,32000,16100,5000,15200,2400,15700,5500,19800,6800,21500,69300,33100
330.0,9.25,632300,5877063.0,9.24,9.23,9.22,9.21,9.2,9.19,9.18,9.17,9.16,9.15,9.25,9.26,9.27,9.28,9.3,9.31,9.32,9.33,9.34,9.35,4000,10800,6400,18400,38700,11000,17200,2500,32000,16100,5000,15200,2400,15700,5500,19800,6800,21500,69300,33100
331.0,9.25,633300,5886313.0,9.24,9.23,9.22,9.21,9.2,9.19,9.18,9.17,9.16,9.15,9.25,9.26,9.27,9.28,9.3,9.31,9.32,9.33,9.34,9.35,4000,10800,6400,18400,39100,11000,17200,2500,32000,16100,4000,15200,2400,15700,5500,19800,6800,21500,69300,33100
332.0,9.25,633400,5887238.0,9.24,9.23,9.22,9.21,9.2,9.19,9.18,9.17,9.16,9.15,9.25,9.26,9.27,9.28,9.3,9.31,9.32,9.33,9.34,9.35,4000,10800,6400,18400,39100,11000,17200,2500,32000,16100,3900,15200,2400,15700,5500,19800,6800,21500,69300,33100
333.0,9.25,633700,5890013.0,9.24,9.23,9.22,9.21,9.2,9.19,9.18,9.17,9.16,9.15,9.25,9.26,9.27,9.28,9.3,9.31,9.32,9.33,9.34,9.35,4000,10800,6100,18400,39100,11000,17200,2500,32000,16100,3600,15200,2400,15700,5500,19800,6800,21500,69300,33100
334.0,9.25,633700,5890013.0,9.24,9.23,9.22,9.21,9.2,9.19,9.18,9.17,9.16,9.15,9.25,9.26,9.27,9.28,9.3,9.31,9.32,9.33,9.34,9.35,4900,10800,6100,18400,39100,11000,17200,2500,32000,16100,4200,15200,2400,15700,5500,19800,6800,21500,69300,33100
335.0,9.25,633700,5890013.0,9.24,9.23,9.22,9.21,9.2,9.19,9.18,9.17,9.16,9.15,9.25,9.26,9.27,9.28,9.3,9.31,9.32,9.33,9.34,9.35,5300,10800,6100,18400,39100,11000,17200,2500,32000,16100,4200,15200,2400,15700,5500,19800,6800,21500,69300,33100
336.0,9.24,634600,5898333.0,9.24,9.23,9.22,9.21,9.2,9.19,9.18,9.17,9.16,9.15,9.25,9.26,9.27,9.28,9.3,9.31,9.32,9.33,9.34,9.35,4800,10800,6100,18400,39100,11000,17900,2500,32000,16100,3800,15200,2400,15700,5500,19800,6800,21500,69300,33100
337.0,9.25,636500,5915900.0,9.24,9.23,9.22,9.21,9.2,9.19,9.18,9.17,9.16,9.15,9.25,9.26,9.27,9.28,9.3,9.31,9.32,9.33,9.34,9.35,4000,10800,6100,18400,39100,11000,17900,2500,32000,16100,2700,15200,2400,15700,5500,19800,6800,21500,69300,33100
338.0,9.25,636500,5915900.0,9.24,9.23,9.22,9.21,9.2,9.19,9.18,9.17,9.16,9.15,9.25,9.26,9.27,9.28,9.3,9.31,9.32,9.33,9.34,9.35,4000,10800,6100,18400,39100,11000,17900,2500,32000,16100,2700,15200,2400,15700,5500,19800,6800,21500,69300,33100
339.0,9.25,642300,5969519.0,9.25,9.24,9.23,9.22,9.21,9.2,9.19,9.18,9.17,9.16,9.26,9.27,9.28,9.3,9.31,9.32,9.33,9.34,9.35,9.36,1100,1100,9900,6100,18400,39100,11000,17900,2500,32000,15200,2400,15700,5500,19800,6800,21500,69300,33100,39200
340.0,9.24,645500,5999118.0,9.23,9.22,9.21,9.2,9.19,9.18,9.17,9.16,9.15,9.14,9.24,9.26,9.27,9.28,9.3,9.31,9.32,9.33,9.34,9.35,11800,16100,18400,39100,11000,17900,2500,32000,16100,8000,2500,14200,2400,15700,5500,19800,6800,21500,69300,33100
341.0,9.24,645700,6000966.0,9.23,9.22,9.21,9.2,9.19,9.18,9.17,9.16,9.15,9.14,9.24,9.26,9.27,9.28,9.3,9.31,9.32,9.33,9.34,9.35,11800,16100,18400,39100,11000,17900,2500,32000,16100,8000,3900,14200,2400,15700,5500,19800,6800,21500,69300,33100
342.0,9.24,649600,6037002.0,9.24,9.23,9.22,9.21,9.2,9.19,9.18,9.17,9.16,9.15,9.26,9.27,9.28,9.3,9.31,9.32,9.33,9.34,9.35,9.36,7000,7100,16500,18400,39100,11000,17900,2500,32000,16100,14200,2400,15700,5500,19800,6800,21500,69300,33100,39200
343.0,9.26,652700,6065708.0,9.24,9.23,9.22,9.21,9.2,9.19,9.18,9.17,9.16,9.15,9.26,9.27,9.28,9.3,9.31,9.32,9.33,9.34,9.35,9.36,7900,7100,16500,18400,39100,11000,17900,2500,32000,16100,12000,2400,15700,5500,19800,6800,21500,69300,33100,39200
344.0,9.24,653400,6072176.0,9.24,9.23,9.22,9.21,9.2,9.19,9.18,9.17,9.16,9.15,9.26,9.27,9.28,9.3,9.31,9.32,9.33,9.34,9.35,9.36,9200,7100,16500,18400,39100,11000,17900,2500,32000,16100,14000,2400,15700,5500,19800,6800,21500,69300,33100,39200
345.0,9.24,653400,6072176.0,9.24,9.23,9.22,9.21,9.2,9.19,9.18,9.17,9.16,9.15,9.26,9.27,9.28,9.3,9.31,9.32,9.33,9.34,9.35,9.36,9200,7100,16500,18400,39100,11000,17900,2500,32000,16100,14000,2400,15700,5500,19800,6800,21500,69300,33100,39200
346.0,9.24,656500,6100820.0,9.24,9.23,9.22,9.21,9.2,9.19,9.18,9.17,9.16,9.15,9.26,9.27,9.28,9.3,9.31,9.32,9.33,9.34,9.35,9.36,7500,7100,16500,18400,39100,11000,17900,2500,32000,16100,16800,2400,15700,5500,19800,6800,21500,69300,33100,39200
347.0,9.24,657600,6111004.0,9.24,9.23,9.22,9.21,9.2,9.19,9.18,9.17,9.16,9.15,9.25,9.26,9.27,9.28,9.3,9.31,9.32,9.33,9.34,9.35,8800,7000,16500,19300,39100,11000,17900,2500,32000,16100,4000,15800,2400,15700,5500,19800,6800,21500,69800,33100
348.0,9.24,657700,6111928.0,9.24,9.23,9.22,9.21,9.2,9.19,9.18,9.17,9.16,9.15,9.25,9.26,9.27,9.28,9.3,9.31,9.32,9.33,9.34,9.35,9200,7000,26500,19300,39100,11000,17900,2500,32000,16100,4000,15800,2400,15700,5500,19800,6800,21500,69800,34100
349.0,9.24,657700,6111928.0,9.24,9.23,9.22,9.21,9.2,9.19,9.18,9.17,9.16,9.15,9.25,9.26,9.27,9.28,9.3,9.31,9.32,9.33,9.34,9.35,9200,7000,26500,19300,39400,11000,17900,2500,32000,16100,4000,15800,2400,15700,5500,19800,6800,21500,69800,34100
350.0,9.25,658100,6115628.0,9.24,9.23,9.22,9.21,9.2,9.19,9.18,9.17,9.16,9.15,9.25,9.26,9.27,9.28,9.3,9.31,9.32,9.33,9.34,9.35,9200,7000,26500,19300,39400,11000,17900,2500,32000,16100,3600,15800,2400,15700,5500,19800,6800,21500,69800,34100
351.0,9.25,658100,6115628.0,9.24,9.23,9.22,9.21,9.2,9.19,9.18,9.17,9.16,9.15,9.25,9.26,9.27,9.28,9.3,9.31,9.32,9.33,9.34,9.35,9200,7000,26500,19300,39400,11000,17900,2500,32000,16100,3600,15800,2400,15700,5500,19800,6800,21500,69800,34100
352.0,9.25,658100,6115628.0,9.24,9.23,9.22,9.21,9.2,9.19,9.18,9.17,9.16,9.15,9.25,9.26,9.27,9.28,9.3,9.31,9.32,9.33,9.34,9.35,9200,7000,26500,19300,39400,11000,17900,2500,32000,16100,3600,15800,2400,15700,5500,19800,6800,21500,69800,34100
353.0,9.24,663600,6166467.0,9.24,9.23,9.22,9.21,9.2,9.19,9.18,9.17,9.16,9.15,9.25,9.26,9.27,9.28,9.3,9.31,9.32,9.33,9.34,9.35,5600,7000,26500,19300,39400,11000,17900,2500,32000,16100,1700,15800,4400,15700,5500,19800,6800,21500,69800,34100
354.0,9.25,663700,6167392.0,9.24,9.23,9.22,9.21,9.2,9.19,9.18,9.17,9.16,9.15,9.25,9.26,9.27,9.28,9.3,9.31,9.32,9.33,9.34,9.35,5700,7000,26500,19300,39400,11000,18900,2500,32000,16100,1600,15800,4400,15700,5500,19800,6800,21500,69800,34100
355.0,9.25,664000,6170167.0,9.24,9.23,9.22,9.21,9.2,9.19,9.18,9.17,9.16,9.15,9.25,9.26,9.27,9.28,9.3,9.31,9.32,9.33,9.34,9.35,10400,7000,26500,19300,39400,11000,18900,2500,32000,16100,1300,15800,4400,15700,5500,19800,6800,21500,69800,34100
356.0,9.25,664000,6170167.0,9.24,9.23,9.22,9.21,9.2,9.19,9.18,9.17,9.16,9.15,9.25,9.26,9.27,9.28,9.3,9.31,9.32,9.33,9.34,9.35,10400,7000,26500,19300,39400,11000,18900,2500,32000,16100,1300,15800,4400,15700,5500,19800,6800,21500,69800,34100
357.0,9.25,664100,6171092.0,9.24,9.23,9.22,9.21,9.2,9.19,9.18,9.17,9.16,9.15,9.25,9.26,9.27,9.28,9.3,9.31,9.32,9.33,9.34,9.35,10400,7000,26500,19300,39400,11000,18900,2500,32000,16100,1200,15800,4400,15700,5500,19800,6800,21500,69800,34100
358.0,9.25,664100,6171092.0,9.24,9.23,9.22,9.21,9.2,9.19,9.18,9.17,9.16,9.15,9.25,9.26,9.27,9.28,9.3,9.31,9.32,9.33,9.34,9.35,11400,7000,26500,19300,39400,11000,18900,2500,32000,16100,1200,15800,4400,15700,5500,19800,6800,21500,69800,34100
359.0,9.25,664100,6171092.0,9.24,9.23,9.22,9.21,9.2,9.19,9.18,9.17,9.16,9.15,9.25,9.26,9.27,9.28,9.3,9.31,9.32,9.33,9.34,9.35,11400,7000,26500,19300,39400,11000,18900,2500,32000,16100,1200,15800,4400,15700,5500,19800,6800,21500,69800,34100
360.0,9.25,664200,6172017.0,9.24,9.23,9.22,9.21,9.2,9.19,9.18,9.17,9.16,9.15,9.25,9.26,9.27,9.28,9.3,9.31,9.32,9.33,9.34,9.35,11400,7000,26500,19300,39400,11000,18900,2500,32000,16100,1100,15800,4400,15700,5500,19800,6800,21500,69800,34100
361.0,9.25,664200,6172017.0,9.24,9.23,9.22,9.21,9.2,9.19,9.18,9.17,9.16,9.15,9.25,9.26,9.27,9.28,9.3,9.31,9.32,9.33,9.34,9.35,11400,7000,26500,19300,39400,12000,18900,2500,32000,16100,1100,15800,4400,15700,5500,19800,6800,21500,69800,34100
362.0,9.25,664200,6172017.0,9.24,9.23,9.22,9.21,9.2,9.19,9.18,9.17,9.16,9.15,9.25,9.26,9.27,9.28,9.3,9.31,9.32,9.33,9.34,9.35,11400,7000,26500,19300,39900,12000,18900,2500,32000,16100,1200,15800,4400,15700,5500,19800,6800,21500,69800,34100
363.0,9.25,664200,6172017.0,9.24,9.23,9.22,9.21,9.2,9.19,9.18,9.17,9.16,9.15,9.25,9.26,9.27,9.28,9.3,9.31,9.32,9.33,9.34,9.35,11400,7000,26500,19300,39900,12000,18900,2500,32000,16100,1200,15800,4400,15700,5500,19800,6800,21500,69800,34100
364.0,9.25,664400,6173867.0,9.24,9.23,9.22,9.21,9.2,9.19,9.18,9.17,9.16,9.15,9.25,9.26,9.27,9.28,9.3,9.31,9.32,9.33,9.34,9.35,7500,7000,26500,19300,39900,12000,18900,2500,32000,16100,1000,15800,4400,15700,5500,19800,6800,21500,69800,34100
365.0,9.25,664400,6173867.0,9.24,9.23,9.22,9.21,9.2,9.19,9.18,9.17,9.16,9.15,9.25,9.26,9.27,9.28,9.3,9.31,9.32,9.33,9.34,9.35,7500,7100,26500,19300,39900,12000,18900,2500,32000,16100,1000,15800,4400,15700,5500,19800,6800,21500,69800,34100
366.0,9.25,664600,6175717.0,9.24,9.23,9.22,9.21,9.2,9.19,9.18,9.17,9.16,9.15,9.25,9.26,9.27,9.28,9.3,9.31,9.32,9.33,9.34,9.35,7800,7100,26500,19300,39900,12000,18900,2500,32000,16100,800,15800,4400,15700,5500,19800,6800,21500,69800,34100
367.0,9.25,664600,6175717.0,9.24,9.23,9.22,9.21,9.2,9.19,9.18,9.17,9.16,9.15,9.25,9.26,9.27,9.28,9.3,9.31,9.32,9.33,9.34,9.35,7800,7100,26500,19300,39900,12000,18900,2500,32000,16100,800,6700,4400,15700,5500,19800,6800,21500,69800,34100
368.0,9.25,664600,6175717.0,9.24,9.23,9.22,9.21,9.2,9.19,9.18,9.17,9.16,9.15,9.25,9.26,9.27,9.28,9.3,9.31,9.32,9.33,9.34,9.35,7800,7100,26500,19300,39900,12000,18900,2500,32000,16100,900,6700,4400,15700,5500,19800,6800,21500,69800,34100
369.0,9.26,667400,6201636.0,9.24,9.23,9.22,9.21,9.2,9.19,9.18,9.17,9.16,9.15,9.26,9.27,9.28,9.3,9.31,9.32,9.33,9.34,9.35,9.36,8800,7100,26500,19300,39900,12000,18900,2500,32000,16100,4800,4400,15700,5500,19800,6800,21500,69800,34100,39200
370.0,9.26,668000,6207192.0,9.24,9.23,9.22,9.21,9.2,9.19,9.18,9.17,9.16,9.15,9.26,9.27,9.28,9.3,9.31,9.32,9.33,9.34,9.35,9.36,10500,15100,26500,19300,39900,12000,18900,2500,32000,16100,6200,4400,15700,5500,19800,6800,21500,69800,34100,39200
371.0,9.26,668600,6212748.0,9.24,9.23,9.22,9.21,9.2,9.19,9.18,9.17,9.16,9.15,9.26,9.27,9.28,9.3,9.31,9.32,9.33,9.34,9.35,9.36,11200,15100,26500,19300,39900,12000,18900,2500,32000,16100,6300,4400,15700,5500,19800,6800,21500,69800,34100,39200
372.0,9.26,668600,6212748.0,9.25,9.24,9.23,9.22,9.21,9.2,9.19,9.18,9.17,9.16,9.26,9.27,9.28,9.3,9.31,9.32,9.33,9.34,9.35,9.36,1600,13400,15100,26500,19300,39600,12000,18900,2500,32000,7500,4400,15700,5500,19800,6800,21500,69800,34100,39200
373.0,9.25,668900,6215523.0,9.25,9.24,9.23,9.22,9.21,9.2,9.19,9.18,9.17,9.16,9.26,9.27,9.28,9.3,9.31,9.32,9.33,9.34,9.35,9.36,1600,13400,15100,26500,19300,39600,12000,18900,2500,32000,7200,4400,15700,5500,19800,6800,21500,69800,34100,39200
374.0,9.26,669700,6222931.0,9.25,9.24,9.23,9.22,9.21,9.2,9.19,9.18,9.17,9.16,9.26,9.27,9.28,9.3,9.31,9.32,9.33,9.34,9.35,9.36,2500,13400,15100,26500,19300,40200,12000,18900,2500,32000,6400,4400,15700,5500,19800,6800,21500,69800,34100,39200
375.0,9.26,669700,6222931.0,9.25,9.24,9.23,9.22,9.21,9.2,9.19,9.18,9.17,9.16,9.26,9.27,9.28,9.3,9.31,9.32,9.33,9.34,9.35,9.36,2500,13400,15100,26500,19300,40200,12000,18900,2500,32000,6400,4400,15700,5500,19800,6800,21500,69800,34100,39200
376.0,9.26,669700,6222931.0,9.25,9.24,9.23,9.22,9.21,9.2,9.19,9.18,9.17,9.16,9.26,9.27,9.28,9.3,9.31,9.32,9.33,9.34,9.35,9.36,2500,13400,16900,26500,19300,40200,12000,18900,2500,32000,6400,4400,15700,5500,19800,6800,21500,69800,34100,39200
377.0,9.26,670300,6228487.0,9.25,9.24,9.23,9.22,9.21,9.2,9.19,9.18,9.17,9.16,9.26,9.27,9.28,9.3,9.31,9.32,9.33,9.34,9.35,9.36,2900,13400,16900,26500,19300,40200,12000,18900,2500,32000,5800,4400,15700,5500,19800,6800,21500,69800,34100,39200
378.0,9.26,671400,6238673.0,9.25,9.24,9.23,9.22,9.21,9.2,9.19,9.18,9.17,9.16,9.26,9.27,9.28,9.3,9.31,9.32,9.33,9.34,9.35,9.36,2900,13400,16900,26500,19300,40200,12000,18900,2500,32000,4700,4400,15700,5500,19800,6800,21500,70400,34100,39200
379.0,9.26,671400,6238673.0,9.25,9.24,9.23,9.22,9.21,9.2,9.19,9.18,9.17,9.16,9.26,9.27,9.28,9.3,9.31,9.32,9.33,9.34,9.35,9.36,2900,13400,16900,26500,21400,40200,12000,18900,2500,32000,4700,4400,15700,5500,19800,6800,21500,70400,34100,39200
380.0,9.24,680800,6325566.0,9.24,9.23,9.22,9.21,9.2,9.19,9.18,9.17,9.16,9.15,9.26,9.27,9.28,9.3,9.31,9.32,9.33,9.34,9.35,9.36,7900,16900,26500,21400,40200,12000,18900,2500,32600,16100,4300,4400,15700,5500,19800,6800,21500,70400,34100,39200
381.0,9.24,681500,6332034.0,9.25,9.24,9.23,9.22,9.21,9.2,9.19,9.18,9.17,9.16,9.26,9.27,9.28,9.3,9.31,9.32,9.33,9.34,9.35,9.36,700,8700,16900,26800,21400,40200,12000,18900,2500,32600,4700,4400,15700,5500,19800,6800,21500,70400,34100,39200
382.0,9.24,681500,6332034.0,9.25,9.24,9.23,9.22,9.21,9.2,9.19,9.18,9.17,9.16,9.26,9.27,9.28,9.3,9.31,9.32,9.33,9.34,9.35,9.36,700,8700,16900,26800,21400,40200,12000,18900,2500,32600,4700,4400,15700,5500,20800,6800,21500,70400,34100,39200
383.0,9.24,681500,6332034.0,9.25,9.24,9.23,9.22,9.21,9.2,9.19,9.18,9.17,9.16,9.26,9.27,9.28,9.3,9.31,9.32,9.33,9.34,9.35,9.36,1000,8700,16900,26800,21400,40200,12000,18900,2500,32600,4700,4400,15700,5500,20800,6800,21500,70400,34100,39200
384.0,9.26,681900,6335738.0,9.25,9.24,9.23,9.22,9.21,9.2,9.19,9.18,9.17,9.16,9.26,9.27,9.28,9.3,9.31,9.32,9.33,9.34,9.35,9.36,1000,8700,16900,26800,21400,40200,12000,18900,2500,32600,4300,4400,15700,5500,20800,6800,21500,70400,34100,39200
385.0,9.26,681900,6335738.0,9.25,9.24,9.23,9.22,9.21,9.2,9.19,9.18,9.17,9.16,9.26,9.27,9.28,9.3,9.31,9.32,9.33,9.34,9.35,9.36,1000,9200,16900,26800,21400,40200,12000,18900,2500,32600,4300,4400,15700,5500,20800,6800,21500,70400,34100,39200
386.0,9.26,682000,6336664.0,9.25,9.24,9.23,9.22,9.21,9.2,9.19,9.18,9.17,9.16,9.26,9.27,9.28,9.3,9.31,9.32,9.33,9.34,9.35,9.36,1000,9100,16900,26800,21400,40200,12000,18900,2500,32600,4200,4400,15700,5500,20800,6800,21500,70400,34100,39200
387.0,9.26,682400,6340368.0,9.25,9.24,9.23,9.22,9.21,9.2,9.19,9.18,9.17,9.16,9.26,9.27,9.28,9.3,9.31,9.32,9.33,9.34,9.35,9.36,1000,9100,16900,26800,21400,40200,12000,18900,2500,32600,3800,4400,15700,5500,20800,6800,21500,70400,34100,39200
388.0,9.26,682400,6340368.0,9.25,9.24,9.23,9.22,9.21,9.2,9.19,9.18,9.17,9.16,9.26,9.27,9.28,9.3,9.31,9.32,9.33,9.34,9.35,9.36,1000,9100,16900,26800,20300,40200,12000,18900,2500,32600,3800,4400,15700,5500,20800,6800,21500,70400,34100,39200
389.0,9.26,682400,6340368.0,9.25,9.24,9.23,9.22,9.21,9.2,9.19,9.18,9.17,9.16,9.26,9.27,9.28,9.3,9.31,9.32,9.33,9.34,9.35,9.36,1000,10100,16900,26800,20300,40700,12000,18900,2500,32600,3800,4400,15700,5500,20800,6800,21500,70400,34100,39200
390.0,9.26,683400,6349628.0,9.25,9.24,9.23,9.22,9.21,9.2,9.19,9.18,9.17,9.16,9.26,9.27,9.28,9.3,9.31,9.32,9.33,9.34,9.35,9.36,1000,11100,16900,26800,20300,40700,12000,18900,2500,32600,2800,4400,15700,5500,20800,6800,21500,70400,34100,39200
391.0,9.26,683400,6349628.0,9.25,9.24,9.23,9.22,9.21,9.2,9.19,9.18,9.17,9.16,9.26,9.27,9.28,9.3,9.31,9.32,9.33,9.34,9.35,9.36,1000,11100,16900,26800,20300,40700,12000,18900,2500,32600,2800,4400,15700,5500,20800,6800,21500,70400,34100,39200
392.0,9.26,683400,6349628.0,9.25,9.24,9.23,9.22,9.21,9.2,9.19,9.18,9.17,9.16,9.26,9.27,9.28,9.3,9.31,9.32,9.33,9.34,9.35,9.36,1000,11100,16900,26800,20300,40700,12000,18900,2500,32600,2800,4400,15700,5500,20800,6800,21500,70400,34100,39200
393.0,9.26,684500,6359814.0,9.25,9.24,9.23,9.22,9.21,9.2,9.19,9.18,9.17,9.16,9.26,9.27,9.28,9.3,9.31,9.32,9.33,9.34,9.35,9.36,1200,11100,16900,26800,20300,40700,12000,18900,2500,32600,2700,4400,15700,5500,20800,9800,21500,70400,34100,39200
394.0,9.26,684700,6361666.0,9.25,9.24,9.23,9.22,9.21,9.2,9.19,9.18,9.17,9.16,9.26,9.27,9.28,9.3,9.31,9.32,9.33,9.34,9.35,9.36,1200,11100,16900,26800,20300,40700,12000,18900,2500,32600,2500,4400,15700,5500,20800,9800,21500,70400,34100,39200
395.0,9.26,685100,6365370.0,9.25,9.24,9.23,9.22,9.21,9.2,9.19,9.18,9.17,9.16,9.26,9.27,9.28,9.3,9.31,9.32,9.33,9.34,9.35,9.36,1200,14400,13700,26800,20300,40700,12000,18900,2500,32600,5600,4400,15700,5500,20800,9800,21500,70400,34100,39200
396.0,9.26,685200,6366296.0,9.25,9.24,9.23,9.22,9.21,9.2,9.19,9.18,9.17,9.16,9.26,9.27,9.28,9.3,9.31,9.32,9.33,9.34,9.35,9.36,1200,14400,13700,26800,20300,40700,12000,18900,2500,32600,5500,4400,15700,5500,20800,9800,21500,70400,34100,39200
397.0,9.26,686300,6376482.0,9.25,9.24,9.23,9.22,9.21,9.2,9.19,9.18,9.17,9.16,9.26,9.27,9.28,9.3,9.31,9.32,9.33,9.34,9.35,9.36,45000,14400,13700,26800,20300,40700,12000,18900,2500,32600,4400,4400,15700,5500,20800,9800,21500,70400,34100,39200
398.0,9.26,686300,6376482.0,9.25,9.24,9.23,9.22,9.21,9.2,9.19,9.18,9.17,9.16,9.26,9.27,9.28,9.3,9.31,9.32,9.33,9.34,9.35,9.36,45000,17300,13700,26800,20300,40700,12000,18900,2500,32600,4400,4400,15700,5500,20800,9800,21500,70400,34100,39200
399.0,9.25,687800,6390357.0,9.25,9.24,9.23,9.22,9.21,9.2,9.19,9.18,9.17,9.16,9.26,9.27,9.28,9.3,9.31,9.32,9.33,9.34,9.35,9.36,43500,17300,13700,26800,20300,40700,12000,18900,2500,32600,4400,4400,15700,5500,20800,9800,21500,70400,34100,39200
400.0,9.25,687800,6390357.0,9.25,9.24,9.23,9.22,9.21,9.2,9.19,9.18,9.17,9.16,9.26,9.27,9.28,9.3,9.31,9.32,9.33,9.34,9.35,9.36,43500,17300,13700,26800,20300,40700,12000,18900,2500,32600,4400,4400,15700,5500,20800,9800,21500,70400,34100,39200
401.0,9.26,688200,6394061.0,9.25,9.24,9.23,9.22,9.21,9.2,9.19,9.18,9.17,9.16,9.26,9.27,9.28,9.3,9.31,9.32,9.33,9.34,9.35,9.36,43500,17300,13700,26800,20300,40700,12000,18900,2500,32600,4000,4400,15700,5500,20800,9800,21500,70400,34100,39200
402.0,9.26,689000,6401469.0,9.25,9.24,9.23,9.22,9.21,9.2,9.19,9.18,9.17,9.16,9.26,9.27,9.28,9.3,9.31,9.32,9.33,9.34,9.35,9.36,43500,17300,13700,26800,20300,40700,12000,18900,2500,32600,3200,4400,15700,5500,20800,9800,21500,70400,34100,39200
403.0,9.26,689400,6405173.0,9.25,9.24,9.23,9.22,9.21,9.2,9.19,9.18,9.17,9.16,9.26,9.27,9.28,9.3,9.31,9.32,9.33,9.34,9.35,9.36,43500,17300,14300,26800,20300,40700,12000,18900,2500,32600,2900,4400,15700,5500,20800,9800,21500,70400,34100,39200
404.0,9.26,689600,6407025.0,9.25,9.24,9.23,9.22,9.21,9.2,9.19,9.18,9.17,9.16,9.26,9.27,9.28,9.3,9.31,9.32,9.33,9.34,9.35,9.36,43500,17600,14300,26800,20300,40700,12000,18900,2500,32600,2700,4400,15700,5500,20800,9800,21500,70400,34100,39200
405.0,9.26,689600,6407025.0,9.25,9.24,9.23,9.22,9.21,9.2,9.19,9.18,9.17,9.16,9.26,9.27,9.28,9.3,9.31,9.32,9.33,9.34,9.35,9.36,43500,17600,14300,26800,20300,40700,12000,18900,2500,32600,2700,4400,15700,5500,20800,9800,21500,70400,34100,39200
406.0,9.26,689600,6407025.0,9.25,9.24,9.23,9.22,9.21,9.2,9.19,9.18,9.17,9.16,9.26,9.27,9.28,9.3,9.31,9.32,9.33,9.34,9.35,9.36,43500,17600,14300,26800,20300,40700,13100,18900,2500,32600,100,4400,15700,5500,20800,9800,21500,70400,34100,39200
407.0,9.26,689600,6407025.0,9.25,9.24,9.23,9.22,9.21,9.2,9.19,9.18,9.17,9.16,9.26,9.27,9.28,9.3,9.31,9.32,9.33,9.34,9.35,9.36,43500,17600,14700,26800,20300,40700,13100,18900,2500,32600,900,4400,15700,5500,20800,9800,21500,70400,34100,39200
408.0,9.26,690500,6415359.0,9.25,9.24,9.23,9.22,9.21,9.2,9.19,9.18,9.17,9.16,9.27,9.28,9.3,9.31,9.32,9.33,9.34,9.35,9.36,9.37,43500,17600,14700,26800,20300,40700,13100,18900,2500,32600,4400,15700,5500,20800,9800,21500,70400,34100,39200,25700
409.0,9.26,690500,6415359.0,9.25,9.24,9.23,9.22,9.21,9.2,9.19,9.18,9.17,9.16,9.27,9.28,9.3,9.31,9.32,9.33,9.34,9.35,9.36,9.37,44300,17600,14700,26800,20300,39200,13100,18900,2500,32600,5200,15700,5500,20800,9800,21500,70400,34100,39200,25700
410.0,9.27,691000,6419994.0,9.26,9.25,9.24,9.23,9.22,9.21,9.2,9.19,9.18,9.17,9.27,9.28,9.3,9.31,9.32,9.33,9.34,9.35,9.36,9.37,2700,44700,17600,14700,28800,20300,39200,13100,18900,2500,5100,15700,5500,20800,9800,21500,70400,34100,39200,25700
411.0,9.27,691000,6419994.0,9.26,9.25,9.24,9.23,9.22,9.21,9.2,9.19,9.18,9.17,9.27,9.28,9.3,9.31,9.32,9.33,9.34,9.35,9.36,9.37,2700,44700,17600,14700,28800,20300,39200,13100,18900,2500,5100,15700,5500,20800,9800,21500,70400,34100,39200,25700
412.0,9.27,691000,6419994.0,9.26,9.25,9.24,9.23,9.22,9.21,9.2,9.19,9.18,9.17,9.27,9.28,9.3,9.31,9.32,9.33,9.34,9.35,9.36,9.37,2700,44700,17600,14700,28800,20300,39200,13100,18900,2500,5100,15700,5500,20800,9800,21500,70400,34500,39200,25700
413.0,9.26,692500,6433894.0,9.26,9.25,9.24,9.23,9.22,9.21,9.2,9.19,9.18,9.17,9.27,9.28,9.3,9.31,9.32,9.33,9.34,9.35,9.36,9.37,400,44700,17600,14700,28800,20300,40200,13100,18900,2500,4200,15700,5500,20800,9800,21500,70400,34500,39200,25700
414.0,9.25,694700,6454256.0,9.25,9.24,9.23,9.22,9.21,9.2,9.19,9.18,9.17,9.16,9.27,9.28,9.3,9.31,9.32,9.33,9.34,9.35,9.36,9.37,43300,19100,14700,28800,20300,40200,13100,18900,2500,32600,3800,15700,5500,20800,9800,21500,70400,34500,39200,25700
415.0,9.25,694700,6454256.0,9.25,9.24,9.23,9.22,9.21,9.2,9.19,9.18,9.17,9.16,9.27,9.28,9.3,9.31,9.32,9.33,9.34,9.35,9.36,9.37,43300,19100,14700,28800,20300,40200,13100,18900,2500,32600,3800,15700,5500,20800,9800,21500,70400,34500,39200,25700
416.0,9.25,696500,6470906.0,9.25,9.24,9.23,9.22,9.21,9.2,9.19,9.18,9.17,9.16,9.27,9.28,9.3,9.31,9.32,9.33,9.34,9.35,9.36,9.37,42000,19100,14700,28800,20300,40200,13100,18900,2500,32600,4300,15700,5500,20800,9800,21500,70400,34500,39700,25700
417.0,9.27,697000,6475541.0,9.25,9.24,9.23,9.22,9.21,9.2,9.19,9.18,9.17,9.16,9.26,9.27,9.28,9.3,9.31,9.32,9.33,9.34,9.35,9.36,42500,19100,14700,28800,20300,40200,13100,18900,2500,32600,2100,4300,15700,5500,20800,9800,21500,70400,34500,39700
418.0,9.27,697000,6475541.0,9.25,9.24,9.23,9.22,9.21,9.2,9.19,9.18,9.17,9.16,9.26,9.27,9.28,9.3,9.31,9.32,9.33,9.34,9.35,9.36,44000,19100,14700,28800,20300,40200,13100,18900,2500,32600,2100,4300,15700,5500,20800,9800,21500,70400,34500,39700
