LocalTime,LastPrice,TradeVolume,TradeValue,BidPrice1,BidPrice2,BidPrice3,BidPrice4,BidPrice5,BidPrice6,BidPrice7,BidPrice8,BidPrice9,BidPriceA,AskPrice1,AskPrice2,AskPrice3,AskPrice4,AskPrice5,AskPrice6,AskPrice7,AskPrice8,AskPrice9,AskPriceA,BidVolume1,BidVolume2,BidVolume3,BidVolume4,BidVolume5,BidVolume6,BidVolume7,BidVolume8,BidVolume9,BidVolumeA,AskVolume1,AskVolume2,AskVolume3,AskVolume4,AskVolume5,AskVolume6,AskVolume7,AskVolume8,AskVolume9,AskVolumeA
0.0,18.84,400,7536.0,18.82,18.8,18.79,18.76,18.75,18.72,18.7,18.66,18.62,18.58,18.88,18.9,19.0,19.1,19.12,19.15,19.17,19.22,19.23,19.25,300,1000,3700,1400,700,3200,500,500,400,1300,1000,500,1200,3700,3100,3000,500,1200,2600,100
1.0,18.84,400,7536.0,18.82,18.8,18.79,18.76,18.75,18.72,18.7,18.66,18.62,18.61,18.88,18.9,19.0,19.1,19.12,19.15,19.17,19.22,19.23,19.25,300,1000,3700,1400,700,3200,9900,500,400,1000,1000,500,6200,3700,3100,3000,500,1200,2600,100
2.0,18.82,700,13182.0,18.8,18.79,18.76,18.75,18.72,18.7,18.66,18.62,18.61,18.58,18.81,18.88,19.0,19.1,19.12,19.15,19.17,19.22,19.23,19.25,2000,3700,1400,700,3200,9900,500,400,1000,2300,100,1000,6200,3700,3100,3000,500,1200,2600,100
3.0,18.87,1400,26385.0,18.87,18.8,18.79,18.76,18.75,18.72,18.7,18.66,18.62,18.61,18.88,19.0,19.1,19.12,19.15,19.17,19.22,19.23,19.25,19.28,300,2000,3700,1400,700,3200,9900,500,400,1000,1000,6200,3700,3100,3000,500,1200,2600,100,1100
4.0,18.87,1400,26385.0,18.87,18.8,18.79,18.76,18.75,18.72,18.7,18.66,18.62,18.61,18.88,19.0,19.1,19.12,19.15,19.17,19.2,19.22,19.23,19.25,300,2000,3700,1400,700,3200,9900,500,400,1000,1000,6200,4200,3100,3000,500,500,1200,2600,100
5.0,18.87,1500,28272.0,18.87,18.82,18.8,18.79,18.76,18.75,18.72,18.7,18.66,18.62,18.88,19.0,19.1,19.12,19.15,19.17,19.2,19.22,19.23,19.25,200,2700,5000,3700,1400,700,3200,11300,500,400,1000,6200,4200,3200,3000,500,1200,1200,2600,100
6.0,18.82,3200,60276.0,18.82,18.8,18.79,18.76,18.75,18.72,18.7,18.66,18.62,18.61,18.88,19.0,19.1,19.12,19.15,19.17,19.2,19.22,19.23,19.25,1200,8400,3700,1400,700,3200,11300,500,400,1000,1000,6200,4200,3200,3000,500,1200,1200,2600,100
7.0,18.82,3200,60276.0,18.82,18.8,18.79,18.76,18.75,18.72,18.7,18.66,18.62,18.61,18.88,19.0,19.1,19.12,19.15,19.17,19.2,19.22,19.23,19.25,1200,8400,3700,1400,700,3200,11300,500,400,1000,1200,6200,4200,3200,3000,500,1400,1200,2600,100
8.0,18.82,3500,65922.0,18.82,18.81,18.8,18.79,18.76,18.75,18.72,18.7,18.66,18.62,18.88,18.98,19.0,19.1,19.12,19.15,19.16,19.17,19.2,19.22,900,2700,8400,3700,1400,700,3200,11300,500,400,1200,300,6200,4200,3200,3000,1000,500,1400,1200
9.0,18.82,3500,65922.0,18.82,18.81,18.8,18.79,18.77,18.76,18.75,18.72,18.71,18.7,18.85,18.87,18.88,18.98,19.0,19.09,19.1,19.12,19.15,19.16,900,2700,8400,3700,1100,1400,700,3200,200,11300,200,500,1300,300,6200,9000,4200,3200,3000,1000
10.0,18.82,3500,65922.0,18.82,18.81,18.8,18.79,18.77,18.76,18.75,18.72,18.71,18.7,18.85,18.87,18.88,18.98,19.0,19.09,19.1,19.12,19.15,19.16,900,2700,8400,3700,1100,1400,700,3200,200,11300,200,1900,1100,300,6200,9000,4200,3200,3000,1000
11.0,18.82,3500,65922.0,18.82,18.81,18.8,18.79,18.77,18.76,18.75,18.72,18.71,18.7,18.85,18.87,18.88,18.98,19.0,19.09,19.1,19.12,19.15,19.16,900,2700,8400,3700,1100,1400,700,3200,200,11300,200,2000,1100,300,6200,9000,4200,3200,3000,1000
12.0,18.82,3500,65922.0,18.82,18.81,18.8,18.79,18.77,18.76,18.75,18.72,18.71,18.7,18.84,18.85,18.87,18.88,18.98,19.0,19.09,19.1,19.12,19.15,900,2600,8900,3700,1100,1400,700,3200,200,11300,1400,200,900,1300,300,6200,9000,4200,3200,3000
13.0,18.84,4000,75342.0,18.82,18.81,18.8,18.79,18.77,18.76,18.75,18.72,18.71,18.7,18.83,18.84,18.85,18.87,18.88,18.98,19.0,19.09,19.1,19.12,900,2600,8900,3700,1100,1400,700,3200,200,11300,1400,400,400,900,1300,300,6200,9000,4200,3200
14.0,18.82,4400,82870.0,18.82,18.81,18.8,18.79,18.77,18.76,18.75,18.72,18.71,18.7,18.83,18.84,18.85,18.87,18.88,18.98,19.0,19.09,19.1,19.12,500,2600,8900,3700,1100,1400,700,3200,200,11300,1400,200,300,800,1300,300,6200,9000,4200,3200
15.0,18.82,4900,92280.0,18.81,18.8,18.79,18.77,18.76,18.75,18.72,18.71,18.7,18.66,18.82,18.85,18.87,18.88,18.98,19.0,19.09,19.1,19.12,19.15,2600,8900,3700,1100,1400,700,3200,200,11300,500,2100,800,800,1300,300,6200,9000,4200,3200,3000
16.0,18.82,4900,92280.0,18.81,18.8,18.79,18.77,18.76,18.75,18.72,18.71,18.7,18.66,18.82,18.85,18.87,18.88,18.98,19.0,19.09,19.1,19.12,19.15,2600,8900,3700,1100,1400,700,3200,200,11300,500,2100,800,800,1300,300,6200,9000,4200,3200,3000
17.0,18.8,7900,148706.0,18.8,18.79,18.77,18.76,18.75,18.72,18.71,18.7,18.66,18.62,18.81,18.82,18.85,18.87,18.88,18.98,19.0,19.09,19.1,19.12,8500,3700,1100,1400,700,3200,200,11300,500,400,1300,1200,800,600,1200,300,6200,9000,4200,3200
18.0,18.79,20100,378029.0,18.77,18.76,18.75,18.72,18.71,18.7,18.66,18.62,18.61,18.6,18.79,18.8,18.81,18.82,18.83,18.84,18.85,18.87,18.88,18.98,1100,1400,700,3200,200,11300,500,400,1000,300,1300,2200,1300,1300,200,100,800,600,1000,300
19.0,18.79,20100,378029.0,18.77,18.76,18.75,18.72,18.71,18.7,18.66,18.62,18.61,18.6,18.79,18.8,18.81,18.82,18.84,18.85,18.87,18.88,18.98,19.0,1100,1400,700,3200,200,11300,500,400,1000,300,1300,2200,1300,1300,100,800,600,1000,300,6200
20.0,18.76,21300,400552.0,18.76,18.75,18.72,18.71,18.7,18.66,18.62,18.61,18.6,18.58,18.79,18.8,18.81,18.82,18.84,18.85,18.87,18.88,18.98,19.0,1300,700,3200,200,11300,500,400,1000,300,2300,1300,2200,2100,1100,100,800,600,1000,300,6200
21.0,18.76,21300,400552.0,18.76,18.75,18.72,18.71,18.7,18.66,18.62,18.61,18.6,18.58,18.78,18.79,18.8,18.81,18.82,18.84,18.85,18.87,18.88,18.98,1300,700,3200,200,11300,500,400,1000,300,2300,200,1300,2200,2100,1100,100,800,600,1000,300
22.0,18.76,21300,400552.0,18.76,18.75,18.72,18.71,18.7,18.66,18.62,18.61,18.6,18.58,18.78,18.79,18.8,18.81,18.82,18.84,18.85,18.87,18.88,18.98,1300,700,3200,200,11300,500,400,1000,300,2300,200,1300,400,2100,1100,100,800,600,1000,300
23.0,18.76,21300,400552.0,18.76,18.75,18.72,18.71,18.7,18.66,18.62,18.61,18.6,18.58,18.77,18.79,18.8,18.81,18.82,18.84,18.85,18.87,18.88,18.98,1300,700,3200,200,11300,500,400,1000,300,2300,200,1300,100,2100,1100,100,600,600,1000,300
24.0,18.76,21300,400552.0,18.76,18.75,18.72,18.71,18.7,18.66,18.62,18.61,18.6,18.58,18.77,18.79,18.8,18.81,18.82,18.83,18.84,18.85,18.87,18.88,1300,700,3200,200,11300,500,400,1000,300,2300,300,1300,100,2100,1100,100,100,600,600,1000
25.0,18.76,21300,400552.0,18.76,18.75,18.72,18.71,18.7,18.66,18.62,18.61,18.6,18.58,18.77,18.79,18.8,18.81,18.82,18.83,18.84,18.85,18.87,18.88,1300,700,3200,200,11300,500,400,1000,300,2300,300,1300,100,2100,1400,100,100,600,600,1000
26.0,18.76,21500,404304.0,18.76,18.75,18.72,18.71,18.7,18.66,18.62,18.61,18.6,18.58,18.77,18.79,18.8,18.81,18.82,18.83,18.84,18.85,18.87,18.88,1100,700,3200,200,11300,500,400,1000,300,2300,100,1300,100,2100,1400,100,100,600,600,1000
27.0,18.77,21600,406181.0,18.77,18.76,18.75,18.72,18.71,18.7,18.66,18.62,18.61,18.6,18.79,18.8,18.81,18.82,18.83,18.84,18.85,18.87,18.88,18.98,900,1100,700,3200,200,11300,500,400,1000,300,1300,100,2100,1400,100,100,600,600,1000,300
28.0,18.77,21600,406181.0,18.77,18.76,18.75,18.72,18.71,18.7,18.66,18.62,18.61,18.6,18.79,18.8,18.81,18.82,18.83,18.84,18.85,18.87,18.88,18.98,900,1100,700,3200,200,11300,500,400,1000,300,1300,100,2100,1400,100,100,600,600,1000,300
29.0,18.77,21600,406181.0,18.77,18.76,18.75,18.72,18.71,18.7,18.66,18.62,18.61,18.6,18.79,18.8,18.81,18.82,18.83,18.84,18.85,18.87,18.88,18.98,900,1100,700,3200,200,11300,500,400,1000,300,1300,100,2100,1400,100,100,600,600,1000,300
30.0,18.79,21900,411818.0,18.78,18.77,18.76,18.75,18.72,18.71,18.7,18.66,18.62,18.61,18.79,18.8,18.81,18.82,18.83,18.84,18.85,18.87,18.88,18.98,300,900,1100,700,3200,200,11500,500,400,1000,1000,100,2100,1400,100,100,600,600,1000,300
31.0,18.79,22000,413697.0,18.78,18.77,18.76,18.75,18.72,18.71,18.7,18.66,18.62,18.61,18.79,18.8,18.81,18.82,18.83,18.85,18.87,18.88,18.98,19.0,300,900,1100,700,3200,200,11500,500,400,1000,900,100,2100,1400,100,600,600,1000,300,6200
32.0,18.79,22000,413697.0,18.78,18.77,18.76,18.75,18.72,18.71,18.7,18.66,18.62,18.61,18.79,18.81,18.82,18.83,18.85,18.87,18.88,18.98,19.0,19.09,300,1900,1100,700,3200,200,11500,500,400,1000,900,2100,400,100,600,600,1000,300,6200,9000
33.0,18.79,22000,413697.0,18.78,18.77,18.76,18.75,18.72,18.71,18.7,18.66,18.62,18.61,18.79,18.81,18.82,18.83,18.85,18.87,18.88,18.98,19.0,19.09,300,1900,1100,700,3200,200,11500,500,400,1000,900,2100,400,100,600,600,1000,300,6200,9000
34.0,18.79,22000,413697.0,18.78,18.77,18.76,18.75,18.72,18.71,18.7,18.66,18.62,18.61,18.79,18.81,18.82,18.83,18.85,18.87,18.88,18.98,19.0,19.09,300,1900,1100,700,3200,200,11500,500,400,1000,900,2100,400,100,600,600,1000,300,6200,9000
35.0,18.79,22000,413697.0,18.78,18.77,18.76,18.75,18.72,18.71,18.7,18.66,18.62,18.61,18.79,18.81,18.82,18.83,18.85,18.87,18.88,18.98,19.0,19.09,300,1900,1100,700,3200,200,11500,500,400,1000,900,1300,400,100,600,600,1000,300,6200,9000
36.0,18.79,22000,413697.0,18.78,18.77,18.76,18.75,18.72,18.71,18.7,18.66,18.62,18.61,18.79,18.81,18.82,18.85,18.87,18.88,18.98,19.0,19.09,19.1,300,1900,1100,700,3200,200,11500,500,400,1000,900,1300,400,600,600,1000,300,6200,9000,4200
37.0,18.79,22000,413697.0,18.78,18.77,18.76,18.75,18.72,18.71,18.7,18.66,18.62,18.61,18.79,18.81,18.82,18.85,18.87,18.88,18.98,19.0,19.09,19.1,300,1900,1100,700,3200,200,11500,500,400,1000,900,1300,400,600,600,1000,300,6200,9000,4200
38.0,18.77,22600,424962.0,18.77,18.76,18.75,18.72,18.71,18.7,18.66,18.62,18.61,18.6,18.79,18.82,18.85,18.87,18.88,18.98,19.0,19.09,19.1,19.12,1600,1100,700,3200,200,11500,500,400,1000,300,900,100,600,600,1000,300,6200,9000,4200,3200
39.0,18.77,23400,439982.0,18.77,18.76,18.75,18.72,18.71,18.7,18.66,18.62,18.61,18.6,18.79,18.8,18.82,18.85,18.87,18.88,18.98,19.0,19.09,19.1,1000,1100,700,3200,200,11500,500,400,1000,300,1100,100,100,600,600,1000,300,6200,9000,4200
40.0,18.79,24400,458762.0,18.77,18.76,18.75,18.72,18.71,18.7,18.66,18.62,18.61,18.6,18.79,18.8,18.82,18.85,18.87,18.88,18.98,19.0,19.09,19.1,500,1100,700,3200,200,11500,500,400,1000,300,400,100,100,600,600,1000,300,6200,9000,4200
41.0,18.79,24400,458762.0,18.77,18.76,18.75,18.72,18.71,18.7,18.66,18.62,18.61,18.6,18.79,18.8,18.82,18.85,18.87,18.88,18.98,19.0,19.09,19.1,500,1100,700,3200,200,11800,500,400,1000,300,400,100,100,600,600,1000,300,6200,9000,4200
42.0,18.77,24500,460639.0,18.77,18.76,18.75,18.72,18.71,18.7,18.66,18.62,18.61,18.6,18.79,18.8,18.82,18.85,18.87,18.88,18.98,19.0,19.09,19.1,400,1100,700,3200,200,11800,500,400,1000,300,400,100,100,600,600,1000,300,6200,9000,4200
43.0,18.79,25000,470034.0,18.78,18.77,18.76,18.75,18.72,18.71,18.7,18.66,18.62,18.61,18.8,18.82,18.85,18.87,18.88,18.98,19.0,19.09,19.1,19.12,700,400,1100,700,3200,200,11800,500,400,1000,100,100,600,600,1000,300,6200,9000,4200,3200
44.0,18.79,25000,470034.0,18.78,18.77,18.76,18.75,18.72,18.71,18.7,18.66,18.62,18.61,18.8,18.82,18.85,18.87,18.88,18.98,19.0,19.09,19.1,19.12,700,400,1100,700,3200,200,11800,500,400,1000,100,100,600,600,1000,300,6200,9000,4200,3200
45.0,18.79,25000,470034.0,18.78,18.77,18.76,18.75,18.72,18.71,18.7,18.66,18.62,18.61,18.8,18.82,18.85,18.87,18.88,18.98,19.0,19.09,19.1,19.12,700,400,1100,700,3200,200,11800,500,400,1000,100,100,600,600,1000,300,6200,9000,4200,3200
46.0,18.8,25100,471914.0,18.79,18.78,18.77,18.76,18.75,18.72,18.71,18.7,18.66,18.62,18.82,18.85,18.87,18.88,18.98,19.0,19.09,19.1,19.12,19.15,1000,700,400,1100,700,3200,200,11800,500,400,100,600,600,1000,300,6200,9000,4200,3200,3000
47.0,18.79,25300,475672.0,18.8,18.79,18.77,18.76,18.75,18.72,18.71,18.7,18.66,18.62,18.82,18.85,18.87,18.88,18.98,19.0,19.09,19.1,19.12,19.15,700,800,400,1100,700,3200,200,11800,500,400,400,600,600,1000,300,6200,9000,4200,3200,3000
48.0,18.79,25300,475672.0,18.8,18.79,18.77,18.76,18.75,18.72,18.71,18.7,18.66,18.62,18.82,18.85,18.87,18.88,18.98,19.0,19.09,19.1,19.12,19.15,2000,800,400,1100,700,3200,200,11800,500,400,300,600,600,1000,300,6200,9000,4200,3200,3000
49.0,18.79,25300,475672.0,18.8,18.79,18.77,18.76,18.75,18.72,18.71,18.7,18.66,18.62,18.82,18.85,18.87,18.88,18.98,19.0,19.09,19.1,19.12,19.15,2000,800,400,1100,700,3200,200,11800,500,400,300,600,600,1000,300,6200,9000,4200,3200,3000
50.0,18.79,25300,475672.0,18.8,18.79,18.77,18.76,18.75,18.72,18.71,18.7,18.66,18.62,18.82,18.85,18.87,18.88,18.98,19.0,19.09,19.1,19.12,19.15,2500,800,400,1100,700,3200,200,11800,500,400,200,600,600,1000,300,6200,9000,4200,3200,3000
51.0,18.8,25500,479432.0,18.8,18.79,18.77,18.76,18.75,18.72,18.71,18.7,18.66,18.62,18.82,18.85,18.87,18.88,18.98,19.0,19.09,19.1,19.12,19.15,2300,800,400,1100,700,3200,200,11800,500,400,200,600,600,1000,300,6200,9000,4200,3200,3000
52.0,18.82,25600,481314.0,18.8,18.79,18.77,18.76,18.75,18.72,18.71,18.7,18.66,18.62,18.85,18.87,18.88,18.98,19.0,19.09,19.1,19.12,19.15,19.16,2400,800,400,1100,700,3200,200,11800,500,400,800,600,1000,300,6200,9000,4200,3200,3000,1000
53.0,18.8,26000,488834.0,18.8,18.79,18.77,18.76,18.75,18.72,18.71,18.7,18.66,18.62,18.85,18.87,18.88,18.9,18.98,19.0,19.09,19.1,19.12,19.15,2000,800,400,1100,700,3200,200,11800,500,400,800,600,1000,500,300,6200,9000,4200,3200,3000
54.0,18.8,26000,488834.0,18.8,18.79,18.77,18.76,18.75,18.72,18.71,18.7,18.66,18.62,18.85,18.87,18.88,18.9,18.98,19.0,19.09,19.1,19.12,19.15,2000,800,400,1100,700,3200,200,11800,500,400,800,600,1000,500,300,6200,9000,4200,3200,3000
55.0,18.8,26000,488834.0,18.8,18.79,18.77,18.76,18.75,18.72,18.71,18.7,18.68,18.66,18.85,18.87,18.88,18.9,18.98,19.0,19.09,19.1,19.12,19.15,2000,800,400,1100,700,3200,200,11800,100,500,800,600,1000,500,300,6200,9000,4200,3200,3000
56.0,18.8,26000,488834.0,18.8,18.79,18.77,18.76,18.75,18.72,18.71,18.7,18.68,18.66,18.85,18.87,18.88,18.9,18.98,19.0,19.09,19.1,19.12,19.15,2000,800,400,1100,700,3200,200,11800,100,500,800,600,1000,500,300,6200,9000,4200,3200,3000
57.0,18.8,26000,488834.0,18.8,18.79,18.77,18.76,18.75,18.72,18.71,18.7,18.68,18.66,18.85,18.87,18.88,18.9,18.98,19.0,19.09,19.1,19.12,19.15,2000,800,600,1100,13900,3200,200,11800,100,500,900,600,1000,500,300,6200,9000,4200,3200,3000
58.0,18.8,26200,492594.0,18.8,18.79,18.77,18.76,18.75,18.72,18.71,18.7,18.68,18.66,18.85,18.87,18.88,18.9,18.98,19.0,19.09,19.1,19.12,19.15,1800,800,600,1100,13900,3200,200,11800,100,500,900,600,1000,500,300,6200,9000,4200,3200,3000
59.0,18.8,26200,492594.0,18.8,18.79,18.77,18.76,18.75,18.72,18.71,18.7,18.68,18.66,18.85,18.87,18.88,18.9,18.98,19.0,19.09,19.1,19.12,19.15,1800,800,600,1100,13900,3200,200,11800,100,500,900,600,1000,500,300,6200,9000,4200,3200,3000
60.0,18.8,26200,492594.0,18.8,18.79,18.77,18.76,18.75,18.72,18.71,18.7,18.68,18.66,18.85,18.87,18.88,18.9,18.98,19.0,19.09,19.1,19.12,19.15,1800,800,600,1100,13900,3200,200,11800,100,500,900,600,1000,500,300,6200,9000,4200,3200,3000
61.0,18.8,26200,492594.0,18.8,18.79,18.77,18.76,18.75,18.72,18.71,18.7,18.68,18.66,18.85,18.87,18.88,18.9,18.98,19.0,19.09,19.1,19.12,19.15,1800,800,600,1100,13900,3200,200,11800,100,500,900,600,1000,500,300,6200,9000,4200,3200,3000
62.0,18.85,27100,509559.0,18.85,18.8,18.79,18.77,18.76,18.75,18.72,18.71,18.7,18.68,18.87,18.88,18.9,18.98,19.0,19.09,19.1,19.12,19.15,19.16,1900,1800,800,600,1100,13900,3200,200,11800,100,600,1000,500,300,6200,9000,4200,3200,3000,1000
63.0,18.85,27100,509559.0,18.85,18.8,18.79,18.77,18.76,18.75,18.72,18.71,18.7,18.68,18.87,18.88,18.9,18.98,19.0,19.09,19.1,19.12,19.15,19.16,1900,1800,800,600,1100,13900,3200,200,11800,100,600,1000,500,300,6200,9000,4200,3200,3000,1000
64.0,18.87,27200,511446.0,18.85,18.8,18.79,18.77,18.76,18.75,18.72,18.71,18.7,18.68,18.87,18.88,18.9,18.98,19.0,19.09,19.1,19.12,19.15,19.16,1900,1800,800,600,1100,13900,3200,200,11800,100,500,1000,500,300,6200,9000,4200,3200,3000,1000
65.0,18.87,27200,511446.0,18.85,18.8,18.79,18.77,18.76,18.75,18.72,18.71,18.7,18.68,18.87,18.88,18.9,18.98,19.0,19.09,19.1,19.12,19.15,19.16,1900,1800,800,600,1100,13900,3200,200,11800,100,500,1000,500,300,6200,9000,4200,3200,3000,1000
66.0,18.85,27300,513331.0,18.85,18.8,18.79,18.77,18.76,18.75,18.72,18.71,18.7,18.68,18.87,18.88,18.9,18.98,19.0,19.09,19.1,19.12,19.15,19.16,1900,1800,800,600,1100,13900,3200,200,11800,100,500,1000,500,300,6200,9000,4200,3200,3000,1000
67.0,18.85,27300,513331.0,18.85,18.8,18.79,18.77,18.76,18.75,18.72,18.71,18.7,18.68,18.87,18.88,18.9,18.98,19.0,19.09,19.1,19.12,19.15,19.16,1900,1800,800,600,1100,13900,3200,200,11800,100,500,1000,500,300,6200,9000,4200,3200,3000,1000
68.0,18.85,27300,513331.0,18.85,18.81,18.8,18.79,18.77,18.76,18.75,18.72,18.71,18.7,18.87,18.88,18.9,18.98,19.0,19.09,19.1,19.12,19.15,19.16,1900,1000,1800,800,600,1100,14900,3200,200,11800,500,1000,500,300,6200,9000,4200,3200,3000,1000
69.0,18.85,27300,513331.0,18.85,18.81,18.8,18.79,18.77,18.76,18.75,18.72,18.71,18.7,18.87,18.88,18.9,18.98,19.0,19.09,19.1,19.12,19.15,19.16,1900,1000,1800,800,600,1100,14900,3200,200,11800,1700,1000,500,300,6200,9000,4200,3200,3000,1000
70.0,18.87,27400,515218.0,18.85,18.81,18.8,18.79,18.77,18.76,18.75,18.72,18.71,18.7,18.87,18.88,18.9,18.98,19.0,19.09,19.1,19.12,19.15,19.16,1900,1000,1800,800,600,1100,14900,3200,200,11800,1600,1000,500,300,6200,9000,4200,3200,3000,1000
71.0,18.87,27400,515218.0,18.85,18.81,18.8,18.79,18.77,18.76,18.75,18.72,18.71,18.7,18.87,18.88,18.9,18.98,19.0,19.09,19.1,19.12,19.15,19.16,1900,1000,1800,800,600,1100,14900,3200,200,11800,1600,1000,500,300,6200,9000,4200,3200,3000,1000
72.0,18.87,27400,515218.0,18.85,18.81,18.8,18.79,18.77,18.76,18.75,18.72,18.71,18.7,18.87,18.88,18.9,18.98,19.0,19.09,19.1,19.12,19.15,19.16,1900,1000,1800,800,600,1100,14900,3200,200,11800,1600,1000,500,300,6200,9000,4200,3200,3000,1000
73.0,18.87,27600,518990.0,18.85,18.81,18.8,18.79,18.77,18.76,18.75,18.72,18.71,18.7,18.87,18.88,18.9,18.98,19.0,19.09,19.1,19.12,19.15,19.16,1800,1000,1800,800,600,1100,14900,3200,200,11800,1500,1000,500,300,6200,9000,4200,3200,3000,1000
74.0,18.85,27700,520875.0,18.85,18.81,18.8,18.79,18.77,18.76,18.75,18.72,18.71,18.7,18.87,18.88,18.9,18.98,19.0,19.09,19.1,19.12,19.15,19.16,1700,1000,1800,800,600,1100,14900,3200,500,11800,1500,1000,500,300,6200,9000,4200,3200,3000,1000
75.0,18.85,27700,520875.0,18.86,18.85,18.81,18.8,18.79,18.77,18.76,18.75,18.72,18.71,18.87,18.88,18.9,18.98,19.0,19.09,19.1,19.12,19.15,19.16,400,1700,1000,1800,1100,600,1100,14900,3200,500,1500,1000,500,300,6200,9000,4200,3200,3000,1000
76.0,18.87,27800,522762.0,18.86,18.85,18.81,18.8,18.79,18.77,18.76,18.75,18.72,18.71,18.87,18.88,18.9,18.98,19.0,19.09,19.1,19.12,19.15,19.16,400,1700,1000,1800,1100,600,1100,14900,3200,500,1400,1000,500,300,6200,9000,4200,3200,3000,1000
77.0,18.87,27800,522762.0,18.86,18.85,18.81,18.8,18.79,18.77,18.76,18.75,18.72,18.71,18.87,18.88,18.9,18.98,19.0,19.09,19.1,19.12,19.15,19.16,400,1700,1000,1800,2100,600,1100,14900,3200,500,1400,1000,500,300,6200,9000,4200,3200,3000,1000
78.0,18.86,27900,524648.0,18.86,18.85,18.81,18.8,18.79,18.77,18.76,18.75,18.72,18.71,18.87,18.88,18.9,18.98,19.0,19.09,19.1,19.12,19.15,19.16,300,12700,1000,1800,2100,600,1100,14900,3200,500,1400,1000,500,300,6200,9000,4200,3200,3000,1000
79.0,18.86,27900,524648.0,18.86,18.85,18.81,18.8,18.79,18.77,18.76,18.75,18.72,18.71,18.87,18.88,18.9,18.98,19.0,19.09,19.1,19.12,19.15,19.16,300,12700,1000,1800,2100,600,1100,14900,3200,500,1400,1000,500,300,6200,9000,4200,3200,3000,1000
80.0,18.85,28400,534078.0,18.85,18.81,18.8,18.79,18.77,18.76,18.75,18.72,18.71,18.7,18.87,18.88,18.9,18.98,19.0,19.09,19.1,19.12,19.15,19.16,12600,1000,1800,2100,600,1100,14900,3200,500,11800,1300,1000,500,300,6200,9000,4200,3200,3000,1000
81.0,18.85,28400,534078.0,18.85,18.81,18.8,18.79,18.77,18.76,18.75,18.72,18.71,18.7,18.87,18.88,18.9,18.98,19.0,19.09,19.1,19.12,19.15,19.16,12600,1000,3400,2100,600,1100,14900,3200,500,11800,1300,1000,500,300,6200,9000,4200,3200,3000,1000
82.0,18.85,28400,534078.0,18.85,18.81,18.8,18.79,18.77,18.76,18.75,18.72,18.71,18.7,18.87,18.88,18.9,18.98,19.0,19.09,19.1,19.12,19.15,19.16,12600,1000,3400,2100,600,1100,14900,3200,500,11800,1300,1000,500,300,6200,9000,4200,3200,3000,1000
83.0,18.87,28500,535965.0,18.85,18.81,18.8,18.79,18.77,18.76,18.75,18.72,18.71,18.7,18.87,18.88,18.9,18.98,19.0,19.09,19.1,19.12,19.15,19.16,12600,1000,3400,2100,600,1100,14900,3200,500,11800,1200,1000,500,300,6200,9000,4200,3200,3000,1000
84.0,18.87,28500,535965.0,18.85,18.81,18.8,18.79,18.77,18.76,18.75,18.72,18.71,18.7,18.87,18.88,18.9,18.98,19.0,19.09,19.1,19.12,19.15,19.16,12600,1000,3400,2100,600,1100,14900,3200,500,11800,1200,1000,500,300,6200,9000,4200,3200,3000,1000
85.0,18.87,28500,535965.0,18.85,18.81,18.8,18.79,18.77,18.76,18.75,18.72,18.71,18.7,18.87,18.88,18.9,18.98,19.0,19.09,19.1,19.12,19.15,19.16,12600,1000,3400,2100,600,1100,14900,3200,500,11800,1200,1000,500,300,6200,9000,4200,3200,3000,1000
86.0,18.87,28600,537852.0,18.85,18.81,18.8,18.79,18.77,18.76,18.75,18.72,18.71,18.7,18.87,18.88,18.9,18.98,19.0,19.09,19.1,19.12,19.15,19.16,12600,1000,3400,2100,600,1100,14900,3200,500,11800,1100,1000,500,300,6200,9000,4200,3200,3000,1000
87.0,18.85,29100,547277.0,18.85,18.81,18.8,18.79,18.77,18.76,18.75,18.72,18.71,18.7,18.87,18.88,18.9,18.98,19.0,19.09,19.1,19.12,19.15,19.16,12100,1000,3400,2100,600,1100,14900,3200,500,11800,1100,1000,500,300,6200,9000,4200,3200,3000,1000
88.0,18.85,29100,547277.0,18.85,18.81,18.8,18.79,18.77,18.76,18.75,18.72,18.71,18.7,18.87,18.88,18.9,18.98,19.0,19.09,19.1,19.12,19.15,19.16,12100,1000,3400,2100,600,1100,14900,3200,500,11800,1100,1000,500,300,6200,9000,4200,3200,3000,1000
89.0,18.85,29100,547277.0,18.85,18.81,18.8,18.79,18.77,18.76,18.75,18.72,18.71,18.7,18.87,18.88,18.9,18.98,19.0,19.09,19.1,19.12,19.15,19.16,12100,1000,3400,2100,600,1100,14900,3200,500,11800,1100,1000,500,300,6200,9000,4200,3200,3000,1000
90.0,18.87,29200,549164.0,18.85,18.81,18.8,18.79,18.77,18.76,18.75,18.72,18.71,18.7,18.87,18.88,18.9,18.98,19.0,19.09,19.1,19.12,19.15,19.16,12100,1000,3400,2100,600,1100,14900,3200,500,11800,1000,1000,500,300,6200,9000,4200,3200,3000,1000
91.0,18.87,29200,549164.0,18.85,18.81,18.8,18.79,18.77,18.76,18.75,18.72,18.71,18.7,18.87,18.88,18.9,18.98,19.0,19.09,19.1,19.12,19.15,19.16,12100,1000,3400,2100,600,1100,14900,3200,500,11800,1000,1000,500,300,6200,9000,4200,3200,3000,1000
92.0,18.85,30100,566129.0,18.85,18.81,18.8,18.79,18.77,18.76,18.75,18.72,18.71,18.7,18.87,18.88,18.9,18.98,19.0,19.09,19.1,19.12,19.15,19.16,11200,1000,3400,2100,600,1100,14900,3200,500,11800,1000,1000,500,300,6200,9000,4200,3200,3000,1000
93.0,18.87,30200,568016.0,18.85,18.81,18.8,18.79,18.77,18.76,18.75,18.72,18.71,18.7,18.87,18.88,18.9,18.98,19.0,19.09,19.1,19.12,19.15,19.16,11200,1000,3400,2100,600,1100,14900,3200,500,11800,900,1000,500,300,6200,9000,4200,3200,3000,1000
94.0,18.87,30200,568016.0,18.85,18.81,18.8,18.79,18.77,18.76,18.75,18.72,18.71,18.7,18.87,18.88,18.9,18.98,19.0,19.09,19.1,19.12,19.15,19.16,11200,1000,3400,2100,600,1100,14900,3200,500,11800,900,1000,500,300,6200,9000,4200,3200,3000,1000
95.0,18.85,30700,577441.0,18.85,18.81,18.8,18.79,18.77,18.76,18.75,18.72,18.71,18.7,18.87,18.88,18.9,18.98,19.0,19.09,19.1,19.12,19.15,19.16,10700,1000,3400,2100,600,1100,14900,3200,500,11800,900,1000,500,300,6200,9000,4200,3200,3000,1000
96.0,18.85,30700,577441.0,18.85,18.81,18.8,18.79,18.77,18.76,18.75,18.72,18.71,18.7,18.87,18.88,18.9,18.98,19.0,19.09,19.1,19.12,19.15,19.16,10700,1000,3400,2100,600,1100,14900,3200,500,11800,900,1000,500,300,6200,9000,4200,3200,3000,1000
97.0,18.85,30700,577441.0,18.85,18.81,18.8,18.79,18.77,18.76,18.75,18.72,18.71,18.7,18.87,18.88,18.9,18.98,19.0,19.09,19.1,19.12,19.15,19.16,10700,1000,3400,2100,600,1100,14900,3200,500,11800,900,1000,500,300,6200,9000,4200,3200,3000,1000
98.0,18.87,30800,579328.0,18.85,18.81,18.8,18.79,18.77,18.76,18.75,18.72,18.71,18.7,18.87,18.88,18.9,18.98,19.0,19.09,19.1,19.12,19.15,19.16,10700,1000,3400,2100,600,1100,14900,3200,500,11800,800,1000,500,300,6200,9000,4200,3200,3000,1000
99.0,18.87,30800,579328.0,18.85,18.81,18.8,18.79,18.77,18.76,18.75,18.72,18.71,18.7,18.87,18.88,18.9,18.98,19.0,19.09,19.1,19.12,19.15,19.16,10700,1000,3400,2100,600,1100,14900,3200,500,11800,800,1000,500,300,6200,9000,4200,3200,3000,1000
100.0,18.87,30800,579328.0,18.85,18.81,18.8,18.79,18.77,18.76,18.75,18.72,18.71,18.7,18.87,18.88,18.9,18.98,19.0,19.09,19.1,19.12,19.15,19.16,10700,1000,3400,2100,600,1100,14900,3200,500,11800,800,1000,500,300,6200,9000,4200,3200,3000,1000
101.0,18.87,30800,579328.0,18.85,18.81,18.8,18.79,18.77,18.76,18.75,18.72,18.71,18.7,18.87,18.88,18.9,18.98,19.0,19.09,19.1,19.12,19.15,19.16,10700,1000,3400,2100,600,1100,14900,3200,500,11800,800,1000,500,300,6200,9000,4200,3200,3000,1000
102.0,18.85,31300,588753.0,18.85,18.81,18.8,18.79,18.77,18.76,18.75,18.72,18.71,18.7,18.87,18.88,18.9,18.98,19.0,19.09,19.1,19.12,19.15,19.16,10200,1000,3400,2100,600,1100,14900,3200,500,11800,800,1000,500,300,6200,9000,4200,3200,3000,1000
103.0,18.86,31800,598183.0,18.86,18.85,18.81,18.8,18.79,18.77,18.76,18.75,18.72,18.71,18.87,18.88,18.9,18.98,19.0,19.09,19.1,19.12,19.15,19.16,500,10200,1000,3400,2100,600,1100,14900,3200,500,800,1000,500,300,6200,9000,4200,3200,3000,1000
104.0,18.86,32100,603841.0,18.86,18.85,18.81,18.8,18.79,18.77,18.76,18.75,18.72,18.71,18.87,18.88,18.9,18.98,19.0,19.09,19.1,19.12,19.15,19.16,200,10200,1000,3400,2100,600,1100,14900,3200,500,800,1000,500,300,6200,9000,4200,3200,3000,1000
105.0,18.86,32100,603841.0,18.86,18.85,18.81,18.8,18.79,18.77,18.76,18.75,18.72,18.71,18.87,18.88,18.9,18.98,19.0,19.09,19.1,19.12,19.15,19.16,200,10200,1000,1700,2100,600,1100,14900,3200,500,800,1000,500,300,6200,9000,4200,3200,3000,1000
106.0,18.86,32200,605727.0,18.86,18.85,18.81,18.8,18.79,18.77,18.76,18.75,18.72,18.71,18.87,18.88,18.9,18.98,19.0,19.09,19.1,19.12,19.15,19.16,100,10200,1000,1700,2100,600,1100,14900,3200,500,800,1000,500,300,6200,9000,4200,3200,3000,1000
107.0,18.86,32200,605727.0,18.86,18.85,18.81,18.8,18.79,18.77,18.76,18.75,18.72,18.71,18.87,18.88,18.9,18.98,19.0,19.09,19.1,19.12,19.15,19.16,100,10200,1000,1700,2100,600,1100,14900,3200,500,800,1000,500,300,6200,9000,4200,3200,3000,1000
108.0,18.86,32200,605727.0,18.86,18.85,18.81,18.8,18.79,18.77,18.76,18.75,18.72,18.71,18.87,18.88,18.9,18.98,19.0,19.09,19.1,19.12,19.15,19.16,100,10200,1000,1700,2100,600,1100,14900,3200,500,800,1000,500,300,6200,9000,4200,3200,3000,1000
109.0,18.86,32200,605727.0,18.86,18.85,18.81,18.8,18.79,18.77,18.76,18.75,18.72,18.71,18.87,18.88,18.9,18.98,19.0,19.09,19.1,19.12,19.15,19.16,100,10200,1000,1700,2100,600,1100,14900,3200,500,800,1000,500,300,6200,9000,4200,3200,3000,1000
110.0,18.87,32300,607614.0,18.86,18.85,18.81,18.8,18.79,18.77,18.76,18.75,18.72,18.71,18.87,18.88,18.9,18.98,19.0,19.09,19.1,19.12,19.15,19.16,100,10200,1000,1600,2100,600,1100,14900,3200,500,700,1000,500,300,6200,9000,4200,3200,3000,1000
111.0,18.87,32300,607614.0,18.86,18.85,18.81,18.8,18.79,18.77,18.76,18.75,18.72,18.71,18.87,18.88,18.9,18.98,19.0,19.09,19.1,19.12,19.15,19.16,2000,10200,1000,1600,2100,600,1100,14900,3200,500,700,1000,500,300,6200,9000,4200,3200,3000,1000
112.0,18.87,32300,607614.0,18.86,18.85,18.81,18.8,18.79,18.77,18.76,18.75,18.72,18.71,18.87,18.88,18.9,18.98,19.0,19.09,19.1,19.12,19.15,19.16,2000,10200,1000,1600,2100,600,1100,14900,3200,500,700,1000,500,300,6200,9000,4200,3200,3000,1000
113.0,18.88,33600,632151.0,18.87,18.86,18.85,18.81,18.8,18.79,18.77,18.76,18.75,18.72,18.88,18.9,18.98,19.0,19.09,19.1,19.12,19.15,19.16,19.17,500,2000,10200,1000,1600,2100,600,1100,14900,3200,400,500,300,6200,9000,4200,3200,3000,1000,500
114.0,18.88,33600,632151.0,18.87,18.86,18.85,18.81,18.8,18.79,18.77,18.76,18.75,18.72,18.88,18.9,18.98,19.0,19.09,19.1,19.12,19.15,19.16,19.17,500,2100,10200,1000,1600,2100,600,1100,14900,3200,400,500,300,6200,9000,4200,3200,3000,1000,500
115.0,18.88,33600,632151.0,18.87,18.86,18.85,18.81,18.8,18.79,18.77,18.76,18.75,18.72,18.88,18.9,18.98,19.0,19.09,19.1,19.12,19.15,19.16,19.17,500,2100,11000,1000,1600,2100,600,1100,14900,3200,400,500,300,6200,9000,4200,3200,3000,1000,500
116.0,18.88,33600,632151.0,18.87,18.86,18.85,18.81,18.8,18.79,18.77,18.76,18.75,18.72,18.88,18.9,18.98,19.0,19.09,19.1,19.12,19.15,19.16,19.17,500,2100,11000,1000,1600,2100,600,1100,14900,3200,400,500,300,6200,9000,4200,3200,3000,1000,500
117.0,18.88,33600,632151.0,18.87,18.86,18.85,18.81,18.8,18.79,18.77,18.76,18.75,18.72,18.88,18.9,18.98,19.0,19.09,19.1,19.12,19.15,19.16,19.17,500,2100,11000,1000,1600,2100,600,1100,14900,3200,400,500,300,6200,9000,4200,3200,3000,1000,500
118.0,18.88,33600,632151.0,18.87,18.86,18.85,18.81,18.8,18.79,18.77,18.76,18.75,18.72,18.88,18.9,18.98,19.0,19.09,19.1,19.12,19.15,19.16,19.17,400,2100,11000,1000,1600,2100,600,1100,14900,3200,400,500,300,6200,9000,4200,3200,3000,1000,500
119.0,18.88,33600,632151.0,18.87,18.86,18.85,18.81,18.8,18.79,18.77,18.76,18.75,18.72,18.88,18.9,18.98,19.0,19.09,19.1,19.12,19.15,19.16,19.17,400,2100,11000,1000,1600,2100,600,1100,14900,3200,400,500,300,6200,9000,4200,3200,3000,1000,500
120.0,18.88,33600,632151.0,18.87,18.86,18.85,18.81,18.8,18.79,18.77,18.76,18.75,18.72,18.88,18.9,18.98,19.0,19.09,19.1,19.12,19.15,19.16,19.17,400,2100,11000,1000,1600,2100,600,1100,14900,3200,400,500,300,6200,9000,4200,3200,3000,1000,500
121.0,18.88,33600,632151.0,18.87,18.86,18.85,18.81,18.8,18.79,18.77,18.76,18.75,18.72,18.88,18.9,18.98,19.0,19.09,19.1,19.12,19.15,19.16,19.17,400,2100,11000,1000,1600,2100,600,1100,14900,3200,400,500,300,6200,9000,4200,3200,3000,1000,500
122.0,18.88,33600,632151.0,18.87,18.86,18.85,18.81,18.8,18.79,18.77,18.76,18.75,18.72,18.88,18.9,18.98,19.0,19.09,19.1,19.12,19.15,19.16,19.17,400,2100,11000,1000,1600,2100,600,1100,14900,3200,400,500,300,6200,9000,4200,3200,3000,1000,500
123.0,18.88,33600,632151.0,18.87,18.86,18.85,18.81,18.8,18.79,18.77,18.76,18.75,18.72,18.88,18.9,18.98,19.0,19.09,19.1,19.12,19.15,19.16,19.17,400,2100,11000,1000,1600,2100,600,1100,14900,3200,400,500,300,6200,9000,4200,3200,3000,1000,500
124.0,18.88,33600,632151.0,18.87,18.86,18.85,18.81,18.8,18.79,18.77,18.76,18.75,18.72,18.88,18.9,18.98,19.0,19.09,19.1,19.12,19.15,19.16,19.17,400,2100,11000,1000,1600,2100,600,1100,14900,3200,400,500,300,6200,9000,4200,3200,3000,1000,500
125.0,18.88,33600,632151.0,18.87,18.86,18.85,18.81,18.8,18.79,18.77,18.76,18.75,18.72,18.88,18.9,18.98,19.0,19.09,19.1,19.12,19.15,19.16,19.17,400,2100,11000,1000,1600,2100,600,1100,14900,3200,400,500,300,6200,9000,4200,3200,3000,1000,500
126.0,18.88,33600,632151.0,18.87,18.86,18.85,18.81,18.8,18.79,18.77,18.76,18.75,18.72,18.88,18.9,18.98,19.0,19.09,19.1,19.12,19.15,19.16,19.17,400,2100,11000,1000,1600,2100,600,1100,14900,3200,400,500,300,6200,9000,4200,3200,3000,1000,500
127.0,18.88,34000,639703.0,18.87,18.86,18.85,18.81,18.8,18.79,18.77,18.76,18.75,18.72,18.9,18.98,19.0,19.09,19.1,19.12,19.15,19.16,19.17,19.2,900,2100,11000,1000,1600,2100,600,1100,14900,3200,500,300,6200,9000,4200,3200,3000,1000,500,1400
128.0,18.88,34000,639703.0,18.87,18.86,18.85,18.81,18.8,18.79,18.77,18.76,18.75,18.72,18.9,18.98,19.0,19.09,19.1,19.12,19.15,19.16,19.17,19.2,900,2100,11000,1000,1600,2100,600,1100,14900,3200,500,300,6200,9000,4200,3200,3000,1000,500,1400
129.0,18.88,34000,639703.0,18.87,18.86,18.85,18.81,18.8,18.79,18.77,18.76,18.75,18.72,18.9,18.98,19.0,19.09,19.1,19.12,19.15,19.16,19.17,19.2,1300,2100,11000,1000,1600,2100,600,1100,14900,3200,500,300,6200,9000,4200,3200,3000,1000,500,1400
130.0,18.88,34000,639703.0,18.87,18.86,18.85,18.81,18.8,18.79,18.77,18.76,18.75,18.72,18.9,18.98,19.0,19.09,19.1,19.12,19.15,19.16,19.17,19.2,1300,2100,11000,1000,1600,2100,600,1100,14900,3200,500,300,6200,9000,4200,3200,3000,1000,500,1400
131.0,18.87,34100,641590.0,18.87,18.86,18.85,18.81,18.8,18.79,18.77,18.76,18.75,18.72,18.9,18.98,19.0,19.09,19.1,19.12,19.15,19.16,19.17,19.2,1200,2100,11000,1000,1600,2100,600,1100,14900,3200,500,300,6200,9000,4200,3200,3000,1000,500,1400
132.0,18.87,34100,641590.0,18.88,18.87,18.86,18.85,18.81,18.8,18.79,18.77,18.76,18.75,18.9,18.98,19.0,19.09,19.1,19.12,19.15,19.16,19.17,19.2,600,3100,200,11000,1000,1600,2100,600,1100,14900,500,300,6200,9000,4200,3200,3000,1000,500,1400
133.0,18.9,34200,643480.0,18.88,18.87,18.86,18.85,18.81,18.8,18.79,18.77,18.76,18.75,18.9,18.98,19.0,19.09,19.1,19.12,19.15,19.16,19.17,19.2,600,3300,200,11000,1000,1600,2100,600,1100,14900,400,300,6200,9000,4200,3200,3000,1000,500,1400
134.0,18.9,34200,643480.0,18.88,18.87,18.86,18.85,18.81,18.8,18.79,18.77,18.76,18.75,18.9,18.98,19.0,19.09,19.1,19.12,19.15,19.16,19.17,19.2,700,3300,200,11000,1000,2500,2100,600,1100,14900,400,300,6200,9000,4200,3200,3000,1000,500,1400
135.0,18.9,34200,643480.0,18.88,18.87,18.86,18.85,18.81,18.8,18.79,18.77,18.76,18.75,18.9,18.98,19.0,19.09,19.1,19.12,19.15,19.16,19.17,19.2,800,3300,100,11000,1000,2500,2100,600,6700,14900,400,300,6200,9000,4200,3200,3000,1000,500,1400
136.0,18.9,34200,643480.0,18.88,18.87,18.86,18.85,18.81,18.8,18.79,18.77,18.76,18.75,18.9,18.98,19.0,19.09,19.1,19.12,19.15,19.16,19.17,19.2,800,4100,100,11000,1000,2500,2100,600,6700,14900,400,300,6200,9000,4200,3200,3000,1000,500,1400
137.0,18.9,34200,643480.0,18.89,18.88,18.87,18.86,18.85,18.81,18.8,18.79,18.77,18.76,18.9,18.98,19.0,19.09,19.1,19.12,19.15,19.16,19.17,19.2,500,800,3600,100,11000,1000,2500,2100,600,6700,400,300,6200,9000,4200,3200,3000,1000,500,1400
138.0,18.9,34600,651040.0,18.9,18.89,18.88,18.87,18.86,18.85,18.81,18.8,18.79,18.77,18.98,19.0,19.09,19.1,19.12,19.15,19.16,19.17,19.2,19.22,100,2400,800,1700,100,11000,1000,2500,2100,600,300,6200,9000,4200,3200,3000,1000,500,1400,1200
139.0,18.9,34600,651040.0,18.9,18.89,18.88,18.87,18.86,18.85,18.81,18.8,18.79,18.77,18.96,18.97,18.98,19.0,19.09,19.1,19.12,19.15,19.16,19.17,100,2400,800,1700,100,11000,1000,2800,2100,600,2000,500,300,6200,9000,4200,3200,3000,1000,500
140.0,18.9,34600,651040.0,18.9,18.89,18.88,18.87,18.86,18.85,18.81,18.8,18.79,18.77,18.96,18.98,19.0,19.09,19.1,19.12,19.15,19.16,19.17,19.2,200,2400,700,1700,100,11000,1000,2800,2100,600,2000,300,6200,9000,4200,3200,3000,1000,500,1400
141.0,18.9,34600,651040.0,18.9,18.89,18.88,18.87,18.86,18.85,18.81,18.8,18.79,18.77,18.95,18.96,18.98,19.0,19.09,19.1,19.12,19.15,19.16,19.17,300,2400,600,1700,100,11000,1000,2800,2100,600,500,2000,300,6200,9000,4200,3200,3000,1000,500
142.0,18.9,34600,651040.0,18.9,18.89,18.88,18.87,18.86,18.85,18.81,18.8,18.79,18.77,18.95,18.96,18.98,19.0,19.09,19.1,19.12,19.15,19.16,19.17,300,2400,600,1700,100,11000,1000,2800,2100,600,500,2000,300,6200,9000,4200,3200,3000,1000,500
143.0,18.9,34600,651040.0,18.9,18.89,18.88,18.87,18.86,18.85,18.81,18.8,18.79,18.77,18.95,18.96,18.98,19.0,19.09,19.1,19.12,19.15,19.16,19.17,300,2400,600,1700,100,11000,1000,2800,2100,600,500,2000,300,6200,9000,4200,3200,3000,1000,500
144.0,18.95,34700,652935.0,18.9,18.89,18.88,18.87,18.86,18.85,18.81,18.8,18.79,18.77,18.95,18.96,18.98,19.0,19.09,19.1,19.12,19.15,19.16,19.17,300,2400,600,1700,100,11000,1000,2800,2100,600,400,2000,300,6200,9000,4200,3200,3000,1000,500
145.0,18.95,34700,652935.0,18.9,18.89,18.88,18.87,18.86,18.85,18.81,18.8,18.79,18.77,18.95,18.96,18.98,19.0,19.09,19.1,19.12,19.15,19.16,19.17,300,2400,600,1700,100,11000,1000,2800,2100,600,400,2000,300,6200,9000,4200,3200,3000,1000,500
146.0,18.95,34700,652935.0,18.9,18.89,18.88,18.87,18.86,18.85,18.81,18.8,18.79,18.77,18.95,18.96,18.98,19.0,19.09,19.1,19.12,19.15,19.16,19.17,1300,2400,600,1700,100,11000,1000,2800,2100,600,400,2000,300,6200,9000,4200,3200,3000,1000,500
147.0,18.96,35800,673787.0,18.9,18.89,18.88,18.87,18.86,18.85,18.81,18.8,18.79,18.77,18.96,18.98,19.0,19.09,19.1,19.12,19.15,19.16,19.17,19.2,1300,2400,600,1700,100,11000,1000,2800,2100,600,1300,300,6200,9000,4200,3200,3000,1000,500,1400
148.0,18.96,35800,673787.0,18.9,18.89,18.88,18.87,18.86,18.85,18.81,18.8,18.79,18.77,18.96,18.98,19.0,19.09,19.1,19.12,19.15,19.16,19.17,19.2,1300,2400,600,1700,100,11000,1000,2800,2100,600,1300,300,6200,9000,4200,3200,3000,1000,500,1400
149.0,18.9,36300,683243.0,18.9,18.89,18.88,18.87,18.86,18.85,18.81,18.8,18.79,18.77,18.96,18.98,19.0,19.09,19.1,19.12,19.15,19.16,19.17,19.2,900,2400,600,1700,100,11000,1000,2800,2100,600,1200,300,6200,9000,4200,3200,3000,1000,500,1400
150.0,18.9,36300,683243.0,18.9,18.89,18.88,18.87,18.86,18.85,18.81,18.8,18.79,18.77,18.96,18.98,19.0,19.09,19.1,19.12,19.15,19.16,19.17,19.2,900,2400,600,1700,100,11000,1000,2800,2100,600,1200,300,6200,9000,4200,3200,3000,1000,500,1400
151.0,18.9,36300,683243.0,18.9,18.89,18.88,18.87,18.86,18.85,18.81,18.8,18.79,18.77,18.95,18.96,18.98,19.0,19.09,19.1,19.12,19.15,19.16,19.17,900,2400,600,1700,100,11000,1000,2800,2100,600,5300,1200,300,6200,9000,4200,3200,3000,1000,500
152.0,18.9,36600,688913.0,18.9,18.89,18.88,18.87,18.86,18.85,18.81,18.8,18.79,18.77,18.95,18.96,18.98,19.0,19.09,19.1,19.12,19.15,19.16,19.17,600,2400,600,1700,100,11000,1000,2800,2100,600,5300,1200,300,6200,9000,4200,3200,3000,1000,500
153.0,18.9,37400,704058.0,18.9,18.89,18.88,18.87,18.86,18.85,18.81,18.8,18.79,18.77,18.95,18.96,18.98,19.0,19.09,19.1,19.12,19.15,19.16,19.17,300,2400,600,1700,100,11000,1000,2800,2100,600,4800,1200,300,6200,9000,4200,3200,3000,1000,500
154.0,18.9,37400,704058.0,18.9,18.89,18.88,18.87,18.86,18.85,18.81,18.8,18.79,18.77,18.94,18.95,18.96,18.98,19.0,19.09,19.1,19.12,19.15,19.16,300,2400,600,1700,100,11000,1000,2800,2100,600,1400,4800,1200,300,6200,9000,4200,3200,3000,1000
155.0,18.9,37600,707838.0,18.9,18.89,18.88,18.87,18.86,18.85,18.81,18.8,18.79,18.77,18.94,18.95,18.96,18.98,19.0,19.09,19.1,19.12,19.15,19.16,100,2400,600,1700,100,11000,1000,2800,2100,600,1400,4800,1200,300,6200,9000,4200,3200,3000,1000
156.0,18.94,38900,732456.0,18.89,18.88,18.87,18.86,18.85,18.81,18.8,18.79,18.77,18.76,18.94,18.95,18.96,18.98,19.0,19.09,19.1,19.12,19.15,19.16,2400,600,1700,100,11000,1000,2800,2100,600,6700,200,4800,1200,300,6200,9000,4200,3200,3000,1000
157.0,18.94,38900,732456.0,18.89,18.88,18.87,18.86,18.85,18.81,18.8,18.79,18.77,18.76,18.94,18.95,18.96,18.98,19.0,19.09,19.1,19.12,19.15,19.16,2400,600,1700,100,11000,1000,2800,2100,600,6700,200,4800,1200,300,6200,9000,4200,3200,3000,1000
158.0,18.95,40300,758984.0,18.89,18.88,18.87,18.86,18.85,18.81,18.8,18.79,18.77,18.76,18.95,18.96,18.98,19.0,19.09,19.1,19.12,19.15,19.16,19.17,2400,600,1700,100,11000,1000,2800,2100,600,6700,3600,1200,300,6200,9000,4200,3200,3000,1000,500
159.0,18.89,40500,762762.0,18.89,18.88,18.87,18.86,18.85,18.81,18.8,18.79,18.77,18.76,18.95,18.96,18.98,19.0,19.09,19.1,19.12,19.15,19.16,19.17,2200,600,1700,100,11000,1000,2800,2100,600,6700,3600,1200,300,6200,9000,4200,3200,3000,1000,500
160.0,18.95,40800,768447.0,18.9,18.89,18.88,18.87,18.86,18.85,18.81,18.8,18.79,18.77,18.95,18.96,18.98,19.0,19.09,19.1,19.12,19.15,19.16,19.17,300,2300,600,1600,100,11000,1000,2800,2100,600,3400,1200,300,6200,9000,4200,3200,3000,1000,500
161.0,18.95,40800,768447.0,18.9,18.89,18.88,18.87,18.86,18.85,18.81,18.8,18.79,18.77,18.95,18.96,18.98,19.0,19.09,19.1,19.12,19.15,19.16,19.17,300,2300,600,1600,100,11000,1000,1900,2100,600,3400,1200,300,6200,9000,4200,3200,3000,1000,500
162.0,18.95,40800,768447.0,18.9,18.89,18.88,18.87,18.86,18.85,18.81,18.8,18.79,18.77,18.95,18.96,18.98,19.0,19.09,19.1,19.12,19.15,19.16,19.17,300,2300,600,1600,100,11000,1000,1900,2100,600,3400,1200,300,6200,9000,4200,3200,3000,1000,500
163.0,18.95,41100,774132.0,18.9,18.89,18.88,18.87,18.86,18.85,18.81,18.8,18.79,18.77,18.95,18.96,18.98,19.0,19.09,19.1,19.12,19.15,19.16,19.17,300,2300,600,1600,100,11000,1000,1900,2100,600,3100,1200,300,6200,9000,4200,3200,3000,1000,500
164.0,18.95,41100,774132.0,18.9,18.89,18.88,18.87,18.86,18.85,18.81,18.8,18.79,18.77,18.93,18.95,18.96,18.98,19.0,19.09,19.1,19.12,19.15,19.16,300,2300,600,1600,100,11000,1000,1900,2100,600,800,3100,1200,300,6200,9000,4200,3200,3000,1000
165.0,18.95,41100,774132.0,18.9,18.89,18.88,18.87,18.86,18.85,18.81,18.8,18.79,18.77,18.93,18.95,18.96,18.98,19.0,19.09,19.1,19.12,19.15,19.16,300,2300,600,1600,100,11000,1000,1900,2100,600,800,3100,1200,300,6200,9000,4200,3200,3000,1000
166.0,18.95,41100,774132.0,18.9,18.89,18.88,18.87,18.86,18.85,18.81,18.8,18.79,18.77,18.93,18.95,18.96,18.98,19.0,19.09,19.1,19.12,19.15,19.16,300,2300,600,1600,100,11000,1000,1900,2100,600,800,3100,1200,300,6200,9000,4200,3200,3000,1000
167.0,18.93,41200,776025.0,18.9,18.89,18.88,18.87,18.86,18.85,18.81,18.8,18.79,18.77,18.93,18.95,18.96,18.98,19.0,19.09,19.1,19.12,19.15,19.16,300,2300,600,1600,100,11000,1000,1900,2100,600,700,3100,1200,300,6200,9000,4200,3200,3000,1000
168.0,18.93,41200,776025.0,18.9,18.89,18.88,18.87,18.86,18.85,18.81,18.8,18.79,18.77,18.93,18.95,18.96,18.98,19.0,19.09,19.1,19.12,19.15,19.16,300,2300,600,1600,100,11000,1000,1900,2100,600,700,3500,1200,300,6200,9000,4200,3200,3000,1000
169.0,18.93,41200,776025.0,18.9,18.89,18.88,18.87,18.86,18.85,18.81,18.8,18.79,18.77,18.93,18.95,18.96,18.98,19.0,19.09,19.1,19.12,19.15,19.16,300,2300,600,1600,100,11000,1000,1900,2100,600,700,3500,1200,300,6200,9000,4200,3200,3000,1000
170.0,18.93,41200,776025.0,18.9,18.89,18.88,18.87,18.86,18.85,18.81,18.8,18.79,18.77,18.93,18.95,18.96,18.98,19.0,19.09,19.1,19.12,19.15,19.16,300,2300,600,1600,100,11000,1000,1900,2100,600,700,3500,1200,5300,6200,9000,4200,3200,3000,1000
171.0,18.93,41200,776025.0,18.9,18.89,18.88,18.87,18.86,18.85,18.81,18.8,18.79,18.77,18.93,18.95,18.96,18.98,19.0,19.09,19.1,19.12,19.15,19.16,300,2300,600,1600,100,11000,1000,1900,2100,600,700,3500,1200,5300,6200,9000,4200,3200,3000,1000
172.0,18.93,41200,776025.0,18.9,18.89,18.88,18.87,18.86,18.85,18.81,18.8,18.79,18.77,18.93,18.95,18.96,18.98,19.0,19.09,19.1,19.12,19.15,19.16,300,2300,600,1600,100,11000,1000,1900,2100,600,1500,3500,1200,5300,6200,9000,4200,3200,3000,1000
173.0,18.93,41300,777918.0,18.9,18.89,18.88,18.87,18.86,18.85,18.81,18.8,18.79,18.77,18.93,18.95,18.96,18.98,19.0,19.09,19.1,19.12,19.15,19.16,300,2300,600,1600,100,11000,1000,1900,2100,600,1400,3500,1200,5300,6200,9000,4200,3200,3000,1000
174.0,18.93,41400,779811.0,18.9,18.89,18.88,18.87,18.86,18.85,18.81,18.8,18.79,18.77,18.93,18.95,18.96,18.98,19.0,19.09,19.1,19.12,19.15,19.16,300,2300,600,1600,100,11000,1000,1900,2100,600,1300,3500,1200,5300,6200,9000,4200,3200,3000,1000
175.0,18.89,46500,876153.0,18.89,18.88,18.87,18.86,18.85,18.81,18.8,18.79,18.77,18.76,18.93,18.95,18.96,18.98,19.0,19.09,19.1,19.12,19.15,19.16,900,600,1600,100,11000,1000,1900,2100,600,6700,1300,3500,1200,5300,6200,9000,4200,3200,3000,1000
176.0,18.89,46500,876153.0,18.89,18.88,18.87,18.86,18.85,18.81,18.8,18.79,18.77,18.76,18.93,18.95,18.96,18.98,19.0,19.09,19.1,19.12,19.15,19.16,900,600,1600,100,11000,1000,1900,2100,600,6700,1300,3500,1200,5300,6200,9000,4200,3200,3000,1000
177.0,18.89,46500,876153.0,18.89,18.88,18.87,18.86,18.85,18.81,18.8,18.79,18.77,18.76,18.93,18.95,18.96,18.98,19.0,19.09,19.1,19.12,19.15,19.16,900,600,1600,100,11000,1000,1900,2100,600,6700,1300,3500,1200,5300,6200,9000,4200,3200,3000,1000
178.0,18.89,46500,876153.0,18.89,18.88,18.87,18.86,18.85,18.81,18.8,18.79,18.77,18.76,18.93,18.95,18.96,18.98,19.0,19.09,19.1,19.12,19.15,19.16,900,600,1600,100,11000,1000,1900,2100,600,6700,1300,3500,1200,5300,6200,9000,4200,3700,3000,1000
179.0,18.93,46700,879939.0,18.89,18.88,18.87,18.86,18.85,18.81,18.8,18.79,18.77,18.76,18.93,18.95,18.96,18.98,19.0,19.09,19.1,19.12,19.15,19.16,900,600,1600,100,11000,1000,1900,2100,600,6700,1100,3500,1200,5300,6200,9000,4200,3700,3000,1000
180.0,18.93,46700,879939.0,18.88,18.87,18.86,18.85,18.81,18.8,18.79,18.77,18.76,18.75,18.93,18.95,18.96,18.98,19.0,19.09,19.1,19.12,19.15,19.16,600,1600,100,11000,1000,1900,2100,600,6700,14900,1100,3500,1200,5300,6200,9000,4200,3700,3000,1000
181.0,18.93,46800,881832.0,18.88,18.87,18.86,18.85,18.81,18.8,18.79,18.77,18.76,18.75,18.93,18.95,18.96,18.98,19.0,19.09,19.1,19.12,19.15,19.16,600,1600,100,11000,1000,1900,2100,600,6700,14900,1000,3500,1200,5300,6200,9000,4200,3700,3000,1000
182.0,18.93,46800,881832.0,18.88,18.87,18.86,18.85,18.81,18.8,18.79,18.77,18.76,18.75,18.93,18.95,18.96,18.98,19.0,19.09,19.1,19.12,19.15,19.16,600,1600,100,11000,1000,1900,2100,600,6700,14900,1000,3500,1200,5300,6200,9000,4200,3700,3000,1000
183.0,18.93,46800,881832.0,18.88,18.87,18.86,18.85,18.81,18.8,18.79,18.77,18.76,18.75,18.93,18.95,18.96,18.98,19.0,19.09,19.1,19.12,19.15,19.16,600,1600,100,11000,1000,1900,2100,600,6700,14900,1000,3500,1200,5300,6200,9000,4200,3700,3000,1000
184.0,18.93,46800,881832.0,18.9,18.89,18.88,18.87,18.86,18.85,18.81,18.8,18.79,18.77,18.93,18.95,18.96,18.98,19.0,19.06,19.09,19.1,19.12,19.15,100,4000,600,1600,100,11000,1000,1900,2100,600,1500,3500,1200,5300,6200,1000,9000,4200,3700,3000
185.0,18.93,46800,881832.0,18.9,18.89,18.88,18.87,18.86,18.85,18.81,18.8,18.79,18.77,18.93,18.95,18.96,18.98,19.0,19.06,19.09,19.1,19.12,19.15,100,4000,1000,1600,100,11000,1000,1900,2100,600,1500,3500,1200,5300,6200,1000,9000,4200,3700,3000
186.0,18.93,46800,881832.0,18.9,18.89,18.88,18.87,18.86,18.85,18.81,18.8,18.79,18.77,18.93,18.95,18.96,18.98,19.0,19.06,19.09,19.1,19.12,19.15,100,4000,1000,1600,17700,11000,1000,1900,2100,600,1500,3500,1200,5300,6200,1000,9000,4200,3700,3000
187.0,18.93,46800,881832.0,18.9,18.89,18.88,18.87,18.86,18.85,18.81,18.8,18.79,18.77,18.93,18.95,18.96,18.98,19.0,19.06,19.09,19.1,19.12,19.15,100,4000,1000,1600,17700,11000,1000,1900,2100,600,1500,3500,1200,5300,6200,1000,9000,4200,3700,3000
188.0,18.93,46900,883725.0,18.9,18.89,18.88,18.87,18.86,18.85,18.81,18.8,18.79,18.77,18.93,18.95,18.96,18.97,18.98,19.0,19.06,19.09,19.1,19.12,100,4000,1000,1600,17700,11000,1000,1900,2100,600,2200,3500,1200,1600,5300,6200,1000,9000,4200,3700
189.0,18.93,46900,883725.0,18.9,18.89,18.88,18.87,18.86,18.85,18.81,18.8,18.79,18.77,18.93,18.95,18.96,18.97,18.98,19.0,19.06,19.09,19.1,19.12,100,4000,1000,1600,17700,11000,1000,1900,2100,600,2200,3500,1200,1600,5300,6200,1000,9000,4200,3700
190.0,18.93,46900,883725.0,18.9,18.89,18.88,18.87,18.86,18.85,18.81,18.8,18.79,18.77,18.93,18.95,18.96,18.97,18.98,19.0,19.06,19.09,19.1,19.12,100,4000,1000,1600,17700,11000,1000,1900,2100,600,2200,3500,1200,1600,5300,6200,1000,9000,4200,3700
191.0,18.93,46900,883725.0,18.9,18.89,18.88,18.87,18.86,18.85,18.81,18.8,18.79,18.77,18.92,18.93,18.95,18.96,18.97,18.98,19.0,19.06,19.09,19.1,100,4000,1000,1600,17700,11000,1000,1900,2100,600,1700,2200,3500,1200,1600,5300,6200,1000,9000,4200
192.0,18.93,46900,883725.0,18.9,18.89,18.88,18.87,18.86,18.85,18.81,18.8,18.79,18.77,18.92,18.93,18.95,18.96,18.97,18.98,19.0,19.06,19.09,19.1,100,4000,1000,1600,17700,11000,1000,300,2100,600,1700,2200,3500,1200,1600,5300,6200,1000,9000,4200
193.0,18.93,46900,883725.0,18.9,18.89,18.88,18.87,18.86,18.85,18.81,18.8,18.79,18.77,18.92,18.93,18.95,18.96,18.97,18.98,18.99,19.0,19.06,19.09,100,4000,1000,1600,17700,11000,1000,300,2100,600,1700,2200,3500,1200,1600,5300,500,6200,1000,9000
194.0,18.93,46900,883725.0,18.91,18.9,18.89,18.88,18.87,18.86,18.85,18.81,18.8,18.79,18.92,18.93,18.95,18.96,18.97,18.98,18.99,19.0,19.06,19.09,200,100,4900,1000,1600,17700,11000,1000,300,2100,1700,2200,3500,1200,1600,5300,500,6200,1000,9000
195.0,18.93,46900,883725.0,18.91,18.9,18.89,18.88,18.87,18.86,18.85,18.81,18.8,18.79,18.92,18.93,18.95,18.96,18.97,18.98,18.99,19.0,19.06,19.09,400,100,4900,1000,1600,17700,11000,1000,300,2100,1700,2200,3500,1200,1600,5300,500,6200,1000,9000
196.0,18.92,47000,885617.0,18.91,18.9,18.89,18.88,18.87,18.86,18.85,18.81,18.8,18.79,18.92,18.93,18.95,18.96,18.97,18.98,18.99,19.0,19.06,19.09,400,400,4900,1000,1600,17700,11000,1000,300,2100,1600,2200,3500,1200,1600,5300,500,6200,1000,9000
197.0,18.95,57600,1086395.0,18.95,18.91,18.9,18.89,18.88,18.87,18.86,18.85,18.81,18.8,18.96,18.97,18.98,18.99,19.0,19.06,19.09,19.1,19.12,19.15,4200,400,400,4900,1000,1600,17700,11000,1000,300,1200,1600,5300,500,6200,1000,9000,4200,3700,3000
198.0,18.95,58000,1093975.0,18.95,18.91,18.9,18.89,18.88,18.87,18.86,18.85,18.81,18.8,18.96,18.97,18.98,18.99,19.0,19.06,19.09,19.1,19.12,19.15,3800,400,400,4900,1000,1600,17700,11000,2000,300,1200,1600,5300,500,6200,1000,9000,4200,3700,3000
199.0,18.95,61800,1165985.0,18.91,18.9,18.89,18.88,18.87,18.86,18.85,18.81,18.8,18.79,18.93,18.95,18.96,18.97,18.98,18.99,19.0,19.06,19.09,19.1,400,400,4900,1000,1600,17700,11000,2000,300,2100,100,3000,1200,1600,5300,500,6200,1000,9000,4200
200.0,18.91,61900,1167876.0,18.91,18.9,18.89,18.88,18.87,18.86,18.85,18.81,18.8,18.79,18.95,18.96,18.97,18.98,18.99,19.0,19.06,19.09,19.1,19.12,300,400,4900,1000,1600,17700,11000,2000,300,2100,3000,1200,1600,5300,500,6200,1000,9000,4200,3700
201.0,18.91,61900,1167876.0,18.91,18.9,18.89,18.88,18.87,18.86,18.85,18.81,18.8,18.79,18.95,18.96,18.97,18.98,18.99,19.0,19.06,19.09,19.1,19.12,300,400,4900,1000,1600,17700,11000,2000,300,2100,3000,1200,1600,5300,500,6200,1000,9000,4200,3700
202.0,18.95,62000,1169771.0,18.91,18.9,18.89,18.88,18.87,18.86,18.85,18.81,18.8,18.79,18.95,18.96,18.97,18.98,18.99,19.0,19.06,19.09,19.1,19.12,300,400,4900,1000,1600,17700,11000,2000,300,2100,2900,1200,1600,5300,500,6200,1000,9000,4200,3700
203.0,18.95,62300,1175456.0,18.91,18.9,18.89,18.88,18.87,18.86,18.85,18.81,18.8,18.79,18.95,18.96,18.97,18.98,18.99,19.0,19.06,19.09,19.1,19.12,300,400,4900,1000,1600,17700,11000,2000,300,2100,1000,1200,1600,5300,500,6200,1000,9000,4200,3700
204.0,18.95,62300,1175456.0,18.91,18.9,18.89,18.88,18.87,18.86,18.85,18.81,18.8,18.79,18.95,18.96,18.97,18.98,18.99,19.0,19.06,19.09,19.1,19.12,1900,400,4900,1000,1600,17700,11000,2000,300,2100,1000,100,1600,5300,500,6200,1000,9000,4200,3700
205.0,18.95,62300,1175456.0,18.91,18.9,18.89,18.88,18.87,18.86,18.85,18.81,18.8,18.79,18.95,18.96,18.97,18.98,18.99,19.0,19.06,19.09,19.1,19.12,1900,400,4900,1000,1600,17700,11000,2000,300,2100,1000,100,1600,5300,500,6200,1000,9000,4200,3700
206.0,18.95,62300,1175456.0,18.91,18.9,18.89,18.88,18.87,18.86,18.85,18.81,18.8,18.79,18.95,18.96,18.97,18.98,18.99,19.0,19.06,19.09,19.1,19.12,1900,400,4900,1000,1600,17700,11000,2000,300,2100,1000,100,1600,5300,500,6200,1000,9000,4200,3700
207.0,18.95,62300,1175456.0,18.92,18.91,18.9,18.89,18.88,18.87,18.86,18.85,18.81,18.8,18.97,18.98,18.99,19.0,19.06,19.09,19.1,19.12,19.15,19.16,500,1900,400,4900,600,800,17700,10200,2000,300,1600,5300,500,6200,1000,9000,4200,3700,3000,1000
208.0,18.97,62400,1177353.0,18.92,18.91,18.9,18.89,18.88,18.87,18.86,18.85,18.81,18.8,18.97,18.98,18.99,19.0,19.06,19.09,19.1,19.12,19.15,19.16,500,1900,400,4900,600,800,19300,10200,2000,300,1500,5300,500,6200,1000,9000,4200,3700,3000,1000
209.0,18.97,62400,1177353.0,18.92,18.91,18.9,18.89,18.88,18.87,18.86,18.85,18.81,18.8,18.97,18.98,18.99,19.0,19.06,19.09,19.1,19.12,19.15,19.16,1100,1900,400,4900,600,800,19300,10200,2000,300,1600,5300,500,6200,1000,9000,4200,3700,3000,1000
210.0,18.92,62500,1179245.0,18.93,18.92,18.91,18.9,18.89,18.88,18.87,18.86,18.85,18.81,18.97,18.98,18.99,19.0,19.06,19.09,19.1,19.12,19.15,19.16,400,1000,1900,400,4900,600,800,19300,10200,2000,1600,5300,500,6200,1000,9000,4200,3700,3000,1000
211.0,18.92,62500,1179245.0,18.93,18.92,18.91,18.9,18.89,18.88,18.87,18.86,18.85,18.81,18.97,18.98,18.99,19.0,19.06,19.09,19.1,19.12,19.15,19.16,400,1000,1900,400,4900,600,800,19300,10200,2000,1600,5300,500,6200,1000,9000,4200,3700,3000,1000
212.0,18.92,62500,1179245.0,18.94,18.93,18.92,18.91,18.9,18.89,18.88,18.87,18.86,18.85,18.97,18.98,18.99,19.0,19.06,19.09,19.1,19.12,19.15,19.16,200,400,800,1900,400,4900,600,800,19300,10200,1600,5300,500,6200,1000,9000,4200,3700,3000,1000
213.0,18.92,62500,1179245.0,18.94,18.93,18.92,18.91,18.9,18.89,18.88,18.87,18.86,18.85,18.97,18.98,18.99,19.0,19.06,19.09,19.1,19.12,19.15,19.16,200,400,800,1900,400,4900,600,800,19300,10200,1600,5300,500,6200,1000,9000,4200,3700,3000,1000
214.0,18.92,62500,1179245.0,18.94,18.93,18.92,18.91,18.9,18.89,18.88,18.87,18.86,18.85,18.97,18.98,18.99,19.0,19.06,19.09,19.1,19.12,19.15,19.16,200,400,400,1900,400,4900,600,800,19300,10200,1600,5300,500,6200,1400,9000,4200,3700,3000,1000
215.0,18.92,62500,1179245.0,18.95,18.94,18.93,18.92,18.91,18.9,18.89,18.88,18.87,18.86,18.97,18.98,18.99,19.0,19.06,19.09,19.1,19.12,19.15,19.16,200,200,300,400,1900,300,4900,600,800,19300,1600,5300,500,6200,1400,9000,4200,3700,3000,1000
216.0,18.97,62700,1183039.0,18.95,18.94,18.93,18.92,18.91,18.9,18.89,18.88,18.87,18.86,18.97,18.98,18.99,19.0,19.06,19.09,19.1,19.12,19.15,19.16,200,200,300,400,1900,300,4900,600,800,19300,1400,5300,500,6200,1400,9000,4200,3700,3000,1000
217.0,18.97,62700,1183039.0,18.95,18.94,18.93,18.92,18.91,18.9,18.89,18.88,18.87,18.86,18.97,18.98,18.99,19.0,19.06,19.09,19.1,19.12,19.15,19.16,200,200,300,400,1900,300,4900,600,800,19300,1400,5300,500,6200,1400,9000,4200,3700,3000,1000
218.0,18.97,62700,1183039.0,18.95,18.94,18.93,18.92,18.91,18.9,18.89,18.88,18.87,18.86,18.97,18.98,18.99,19.0,19.06,19.09,19.1,19.12,19.15,19.16,200,200,300,400,1900,300,4900,600,800,19300,1400,5300,500,6200,1400,9000,4200,3700,3600,1000
219.0,18.97,62700,1183039.0,18.95,18.94,18.93,18.92,18.91,18.9,18.89,18.88,18.87,18.86,18.97,18.98,18.99,19.0,19.06,19.09,19.1,19.12,19.15,19.16,200,200,600,400,1900,300,4900,600,800,19300,1400,5300,500,6200,1400,9000,4200,3700,3600,1000
220.0,18.97,62700,1183039.0,18.95,18.94,18.93,18.92,18.91,18.9,18.89,18.88,18.87,18.86,18.97,18.98,18.99,19.0,19.06,19.09,19.1,19.12,19.15,19.16,200,200,600,400,1900,300,4900,600,800,19300,1400,5300,500,6200,1400,9000,4200,3700,3600,1000
221.0,18.97,62700,1183039.0,18.95,18.94,18.93,18.92,18.91,18.9,18.89,18.88,18.87,18.86,18.97,18.98,18.99,19.0,19.06,19.09,19.1,19.12,19.15,19.16,200,200,600,400,1900,300,4900,600,800,19300,1400,5300,500,6200,1400,9000,4200,3700,3600,1000
222.0,18.95,62800,1184934.0,18.96,18.95,18.94,18.93,18.92,18.91,18.9,18.89,18.88,18.87,18.97,18.98,18.99,19.0,19.06,19.09,19.1,19.12,19.15,19.16,500,100,200,600,400,1900,300,4900,600,800,1400,5300,500,6200,1400,9000,4200,3700,3600,1000
223.0,18.95,62800,1184934.0,18.96,18.95,18.94,18.93,18.92,18.91,18.9,18.89,18.88,18.87,18.97,18.98,18.99,19.0,19.06,19.09,19.1,19.12,19.15,19.16,500,100,200,600,400,1900,300,4900,600,800,1400,5300,500,6200,1400,9000,4200,3700,3600,1000
224.0,18.95,62800,1184934.0,18.96,18.95,18.94,18.93,18.92,18.91,18.9,18.89,18.88,18.87,18.97,18.98,18.99,19.0,19.06,19.09,19.1,19.12,19.15,19.16,500,100,200,600,400,1900,300,4900,600,800,1400,5300,500,6200,1400,9000,4200,3700,3600,1000
225.0,18.96,62900,1186830.0,18.95,18.94,18.93,18.92,18.91,18.9,18.89,18.88,18.87,18.86,18.97,18.98,18.99,19.0,19.06,19.09,19.1,19.12,19.15,19.16,100,200,600,400,1900,300,4900,600,800,19300,1400,5300,500,6200,1400,9000,4200,3700,3600,1000
226.0,18.96,62900,1186830.0,18.95,18.94,18.93,18.92,18.91,18.9,18.89,18.88,18.87,18.86,18.96,18.97,18.98,18.99,19.0,19.06,19.09,19.1,19.12,19.15,100,200,600,400,1900,300,4900,600,800,19300,1000,1400,5300,500,6200,1400,9000,4200,3700,3600
227.0,18.96,62900,1186830.0,18.95,18.94,18.93,18.92,18.91,18.9,18.89,18.88,18.87,18.86,18.96,18.97,18.98,18.99,19.0,19.06,19.09,19.1,19.12,19.15,100,200,600,400,1900,300,4900,600,800,17700,1000,1400,5300,500,6200,1400,9000,4200,3700,3600
228.0,18.95,63000,1188725.0,18.95,18.94,18.93,18.92,18.91,18.9,18.89,18.88,18.87,18.86,18.96,18.97,18.98,18.99,19.0,19.05,19.06,19.09,19.1,19.12,400,200,600,400,1900,300,4900,600,800,17700,1000,1400,5300,500,6200,1000,1400,9000,4200,3700
229.0,18.95,63000,1188725.0,18.95,18.94,18.93,18.92,18.91,18.9,18.89,18.88,18.87,18.86,18.96,18.97,18.98,18.99,19.0,19.05,19.06,19.09,19.1,19.12,400,200,600,400,1900,300,4900,600,800,17700,1000,1400,5300,500,6200,1000,1400,9000,4200,3700
230.0,18.95,63000,1188725.0,18.95,18.94,18.93,18.92,18.91,18.9,18.89,18.88,18.87,18.86,18.96,18.97,18.98,18.99,19.0,19.05,19.06,19.09,19.1,19.12,1100,200,600,400,1900,300,4900,600,800,17700,1000,1400,5300,500,6200,1000,1400,9000,4200,3700
231.0,18.97,65500,1236138.0,18.97,18.95,18.94,18.93,18.92,18.91,18.9,18.89,18.88,18.87,18.98,18.99,19.0,19.05,19.06,19.09,19.1,19.12,19.15,19.16,2600,1000,200,600,400,1900,300,4900,600,800,5300,500,6200,1000,1400,9000,4200,3700,3600,1000
232.0,18.97,65500,1236138.0,18.97,18.95,18.94,18.93,18.92,18.91,18.9,18.89,18.88,18.87,18.98,18.99,19.0,19.05,19.06,19.09,19.1,19.12,19.15,19.16,2600,1000,200,600,400,1900,300,4900,600,800,5300,500,6200,1000,1400,9000,4200,3700,3600,1000
233.0,18.97,65700,1239932.0,18.97,18.95,18.94,18.93,18.92,18.91,18.9,18.89,18.88,18.87,18.98,18.99,19.0,19.05,19.06,19.09,19.1,19.12,19.15,19.16,2400,1000,200,600,400,1900,300,4900,600,800,5300,500,6200,1000,1400,9000,4200,3700,3600,1000
234.0,18.97,65900,1243726.0,18.97,18.95,18.94,18.93,18.92,18.91,18.9,18.89,18.88,18.87,18.98,18.99,19.0,19.05,19.06,19.09,19.1,19.12,19.15,19.16,2200,1000,200,600,400,1900,300,4900,600,800,5300,500,6200,1000,1400,9000,4200,3700,3600,1000
235.0,18.97,66400,1253211.0,18.97,18.95,18.94,18.93,18.92,18.91,18.9,18.89,18.88,18.87,18.98,18.99,19.0,19.05,19.06,19.09,19.1,19.12,19.15,19.16,1700,1000,200,600,400,1900,1900,4900,600,800,5300,500,6200,1000,1400,9000,4200,3700,3600,1000
236.0,18.97,66900,1262696.0,18.97,18.95,18.94,18.93,18.92,18.91,18.9,18.89,18.88,18.87,18.98,18.99,19.0,19.05,19.06,19.09,19.1,19.12,19.15,19.16,1200,1000,200,600,400,1900,1900,4900,600,800,5300,500,6200,1000,1400,9000,4200,3700,3600,1000
237.0,18.97,67100,1266490.0,18.97,18.95,18.94,18.93,18.92,18.91,18.9,18.89,18.88,18.87,18.98,18.99,19.0,19.05,19.06,19.09,19.1,19.12,19.15,19.16,1000,1000,200,600,400,1900,1900,4900,600,800,5300,500,6200,1000,1400,9000,4200,3700,3600,1000
238.0,18.97,67200,1268387.0,18.97,18.95,18.94,18.93,18.92,18.91,18.9,18.89,18.88,18.87,18.98,18.99,19.0,19.05,19.06,19.09,19.1,19.12,19.15,19.16,900,1000,200,600,400,1900,1900,4900,600,800,5300,500,6200,1000,1400,9000,4200,3700,3600,1000
239.0,18.97,67200,1268387.0,18.97,18.95,18.94,18.93,18.92,18.91,18.9,18.89,18.88,18.87,18.98,18.99,19.0,19.05,19.06,19.09,19.1,19.12,19.15,19.16,900,1000,200,600,400,1900,1900,4900,600,800,5300,500,6200,1000,1400,9000,4200,3700,3600,1000
240.0,18.97,67200,1268387.0,18.97,18.95,18.94,18.93,18.92,18.91,18.9,18.89,18.88,18.87,18.98,18.99,19.0,19.05,19.06,19.09,19.1,19.12,19.15,19.16,900,1000,200,600,400,1900,1900,4900,600,800,5300,500,6200,1000,1400,9000,4200,3700,3600,1000
241.0,18.97,67200,1268387.0,18.97,18.95,18.94,18.93,18.92,18.91,18.9,18.89,18.88,18.87,18.98,18.99,19.0,19.05,19.06,19.09,19.1,19.12,19.15,19.16,900,1000,200,600,400,1900,1900,4900,600,800,5300,500,6200,1000,1400,9000,4200,3700,3600,1000
242.0,18.97,67200,1268387.0,18.97,18.95,18.94,18.93,18.92,18.91,18.9,18.89,18.88,18.87,18.98,18.99,19.0,19.05,19.06,19.09,19.1,19.12,19.15,19.16,900,1000,200,600,400,1900,1900,4900,600,800,5300,1500,6200,1000,1400,9000,4200,3700,3600,1000
243.0,18.97,67200,1268387.0,18.97,18.95,18.94,18.93,18.92,18.91,18.9,18.89,18.88,18.87,18.98,18.99,19.0,19.05,19.06,19.09,19.1,19.12,19.15,19.16,900,1000,200,600,400,1900,1900,4900,600,800,5300,1600,6200,1000,1400,9000,4200,3700,3600,1000
244.0,18.98,73100,1380359.0,18.95,18.94,18.93,18.92,18.91,18.9,18.89,18.88,18.87,18.86,18.98,18.99,19.0,19.05,19.06,19.09,19.1,19.12,19.15,19.16,1000,200,600,400,1900,1900,4900,600,800,17700,500,1600,6200,1000,1400,9000,4200,3700,3600,1000
245.0,18.98,73600,1389849.0,18.98,18.95,18.94,18.93,18.92,18.91,18.9,18.89,18.88,18.87,18.99,19.0,19.05,19.06,19.09,19.1,19.12,19.15,19.16,19.17,500,1000,200,600,400,1900,1900,4900,600,800,1600,6200,1000,1400,9000,4200,3700,3600,1000,500
246.0,18.98,73600,1389849.0,18.98,18.95,18.94,18.93,18.92,18.91,18.9,18.89,18.88,18.87,18.99,19.0,19.05,19.06,19.09,19.1,19.12,19.15,19.16,19.17,500,1000,200,600,400,1900,1900,4900,600,800,1600,6200,1000,1400,9000,4200,3700,3600,1000,500
247.0,18.98,73600,1389849.0,18.98,18.95,18.94,18.93,18.92,18.91,18.9,18.89,18.88,18.87,18.99,19.0,19.05,19.06,19.09,19.1,19.12,19.15,19.16,19.17,500,1000,200,600,400,1900,1900,4900,600,800,1600,6200,1000,1400,9000,4200,3700,3600,1000,500
248.0,18.98,73700,1391747.0,18.98,18.95,18.94,18.93,18.92,18.91,18.9,18.89,18.88,18.87,18.99,19.0,19.05,19.06,19.09,19.1,19.12,19.15,19.16,19.17,400,1000,200,600,400,1900,1900,4900,600,800,1600,6200,1000,1400,9000,4200,3700,3600,1000,500
249.0,18.98,73700,1391747.0,18.98,18.95,18.94,18.93,18.92,18.91,18.9,18.89,18.88,18.87,18.99,19.0,19.05,19.06,19.09,19.1,19.12,19.15,19.16,19.17,400,1000,200,600,400,1900,1900,4900,600,800,1600,6200,1000,1400,9000,4200,3700,3600,1000,500
250.0,18.98,73700,1391747.0,18.98,18.95,18.94,18.93,18.92,18.91,18.9,18.89,18.88,18.87,18.99,19.0,19.05,19.06,19.09,19.1,19.12,19.15,19.16,19.17,1900,1000,200,600,400,1900,1900,4900,600,800,1600,6200,1000,1400,9000,4200,3700,3600,1000,500
251.0,18.98,73800,1393645.0,18.98,18.95,18.94,18.93,18.92,18.91,18.9,18.89,18.88,18.87,18.99,19.0,19.05,19.06,19.09,19.1,19.12,19.15,19.16,19.17,1800,1000,200,600,400,1900,1900,4900,600,800,1600,6200,1000,1400,9000,4200,3700,3600,1000,500
252.0,18.98,73800,1393645.0,18.98,18.95,18.94,18.93,18.92,18.91,18.9,18.89,18.88,18.87,18.99,19.0,19.05,19.06,19.09,19.1,19.12,19.15,19.16,19.17,2200,1000,200,600,400,1900,1900,4900,600,800,1600,6200,1000,1400,9000,4200,3700,3600,1000,500
253.0,18.98,73800,1393645.0,18.98,18.95,18.94,18.93,18.92,18.91,18.9,18.89,18.88,18.87,18.99,19.0,19.05,19.06,19.09,19.1,19.12,19.15,19.16,19.17,2200,1000,200,600,400,1900,1900,4900,600,800,1600,6200,1000,1400,9000,4200,3700,3600,1000,500
254.0,18.98,74000,1397441.0,18.98,18.95,18.94,18.93,18.92,18.91,18.9,18.89,18.88,18.87,18.99,19.0,19.06,19.09,19.1,19.12,19.15,19.16,19.17,19.19,2000,1000,200,600,400,1900,1900,4900,600,800,2600,6200,1400,9000,4200,3700,3600,1000,500,500
255.0,18.98,74000,1397441.0,18.98,18.95,18.94,18.93,18.92,18.91,18.9,18.89,18.88,18.87,18.99,19.0,19.06,19.09,19.1,19.12,19.15,19.16,19.17,19.19,2000,1000,200,600,400,1900,1900,4900,600,800,2600,6200,1400,9000,4200,3700,3600,1000,500,500
256.0,18.98,74000,1397441.0,18.98,18.95,18.94,18.93,18.92,18.91,18.9,18.89,18.88,18.87,18.99,19.0,19.06,19.09,19.1,19.12,19.15,19.16,19.17,19.19,1600,1000,200,600,400,1900,1900,4900,600,800,2600,6200,1400,9000,4200,3700,3600,1000,500,500
257.0,18.98,75100,1418319.0,18.98,18.95,18.94,18.93,18.92,18.91,18.9,18.89,18.88,18.87,18.99,19.0,19.03,19.06,19.09,19.1,19.12,19.15,19.16,19.17,500,1000,200,600,400,1900,1900,4900,600,800,2600,5100,100,1400,9000,4200,3700,3600,1000,500
258.0,18.98,75300,1422115.0,18.98,18.95,18.94,18.93,18.92,18.91,18.9,18.89,18.88,18.87,18.99,19.0,19.03,19.06,19.09,19.1,19.12,19.15,19.16,19.17,300,1000,200,600,400,1900,1900,4900,600,800,2600,5100,100,1400,9000,4200,3700,3600,1000,500
259.0,18.98,75300,1422115.0,18.98,18.95,18.94,18.93,18.92,18.91,18.9,18.89,18.88,18.87,18.99,19.0,19.03,19.06,19.09,19.1,19.12,19.15,19.16,19.17,300,1000,200,600,400,1900,1900,4900,600,800,2600,5100,100,1400,9000,4200,3700,3600,1000,500
260.0,18.98,75300,1422115.0,18.98,18.95,18.94,18.93,18.92,18.91,18.9,18.89,18.88,18.87,18.99,19.0,19.01,19.03,19.06,19.09,19.1,19.12,19.15,19.16,300,1000,200,600,1400,1900,1900,4900,600,800,3600,5100,100,100,1400,9000,4200,3700,3600,1000
261.0,18.98,75300,1422115.0,18.98,18.95,18.94,18.93,18.92,18.91,18.9,18.89,18.88,18.87,18.99,19.0,19.01,19.03,19.06,19.09,19.1,19.12,19.15,19.16,300,1000,200,600,1400,1900,1900,4900,600,800,3600,5100,100,100,1400,9000,4200,3700,3600,1000
262.0,18.98,75300,1422115.0,18.98,18.95,18.94,18.93,18.92,18.91,18.9,18.89,18.88,18.87,18.99,19.0,19.01,19.03,19.06,19.09,19.1,19.12,19.15,19.16,300,1000,200,600,1400,1900,1900,4900,600,800,3600,5100,100,100,1400,9000,4200,3700,3600,1000
263.0,18.98,75600,1427809.0,18.95,18.94,18.93,18.92,18.91,18.9,18.89,18.88,18.87,18.86,18.98,18.99,19.0,19.01,19.03,19.06,19.09,19.1,19.12,19.15,1000,200,600,1400,1900,1900,4900,600,800,17600,1200,3600,5100,100,100,1400,9000,4200,3700,3600
264.0,18.98,75800,1431605.0,18.95,18.94,18.93,18.92,18.91,18.9,18.89,18.88,18.87,18.86,18.98,18.99,19.0,19.01,19.03,19.06,19.08,19.09,19.1,19.12,1000,200,600,1400,1900,1900,4900,600,800,17600,1000,3600,5100,100,100,1400,300,9000,4200,3700
265.0,18.98,75800,1431605.0,18.95,18.94,18.93,18.92,18.91,18.9,18.89,18.88,18.87,18.86,18.98,18.99,19.0,19.01,19.03,19.06,19.08,19.09,19.1,19.12,1000,200,600,1400,1900,1900,4900,600,800,17600,3000,3600,5100,100,100,1400,300,9000,4200,3700
266.0,18.97,76000,1435397.0,18.95,18.94,18.93,18.92,18.91,18.9,18.89,18.88,18.87,18.86,18.97,18.98,18.99,19.0,19.01,19.06,19.08,19.09,19.1,19.12,900,200,600,1400,1900,1900,4900,600,800,17600,200,2700,3600,5100,100,1400,300,9000,4200,3700
267.0,18.97,76200,1439191.0,18.95,18.94,18.93,18.92,18.91,18.9,18.89,18.88,18.87,18.86,18.97,18.98,18.99,19.0,19.01,19.06,19.08,19.09,19.1,19.12,900,200,600,1400,1900,1900,4900,600,800,17600,400,2700,3500,5100,100,1400,300,9000,4200,3700
268.0,18.97,76200,1439191.0,18.95,18.94,18.93,18.92,18.91,18.9,18.89,18.88,18.87,18.86,18.97,18.98,18.99,19.0,19.01,19.06,19.08,19.09,19.1,19.12,900,200,600,1400,1900,300,4900,600,800,17600,400,2700,3500,5100,100,1400,300,9000,4200,3700
269.0,18.97,76200,1439191.0,18.95,18.94,18.93,18.92,18.91,18.9,18.89,18.88,18.87,18.86,18.97,18.98,18.99,19.0,19.01,19.06,19.08,19.09,19.1,19.12,900,200,600,1400,1900,300,4900,600,800,17600,400,2700,3500,5100,100,1400,300,9000,4200,3700
270.0,18.98,77700,1467657.0,18.95,18.94,18.93,18.92,18.91,18.9,18.89,18.88,18.87,18.86,18.98,18.99,19.0,19.01,19.06,19.08,19.09,19.1,19.12,19.15,900,200,600,1400,1900,300,4900,600,800,17600,1600,3500,5100,100,1400,300,9000,4200,3700,3600
271.0,18.98,77700,1467657.0,18.95,18.94,18.93,18.92,18.91,18.9,18.89,18.88,18.87,18.86,18.98,18.99,19.0,19.01,19.06,19.08,19.09,19.1,19.12,19.15,900,200,600,1400,1900,300,4900,600,800,17600,1600,3500,5100,100,1400,300,9000,4200,3700,3600
272.0,18.95,77800,1469552.0,18.95,18.94,18.93,18.92,18.91,18.9,18.89,18.88,18.87,18.86,18.98,18.99,19.0,19.01,19.06,19.08,19.09,19.1,19.12,19.15,800,200,600,1400,1900,300,4900,600,800,17600,1600,3500,5100,100,1400,300,9000,4200,3700,3600
273.0,18.95,77800,1469552.0,18.95,18.94,18.93,18.92,18.91,18.9,18.89,18.88,18.87,18.86,18.97,18.98,18.99,19.0,19.01,19.06,19.08,19.09,19.1,19.12,800,200,600,1400,1900,300,4900,600,800,17600,2000,1600,3500,5100,100,1400,300,9000,4200,3700
274.0,18.95,77800,1469552.0,18.95,18.94,18.93,18.92,18.91,18.9,18.89,18.88,18.87,18.86,18.97,18.98,18.99,19.0,19.01,19.06,19.08,19.09,19.1,19.12,800,200,600,1400,1900,300,4900,600,800,17600,2000,1600,3500,5100,100,1400,300,9000,4200,3700
275.0,18.97,78600,1484720.0,18.95,18.94,18.93,18.92,18.91,18.9,18.89,18.88,18.87,18.86,18.97,18.98,18.99,19.0,19.01,19.06,19.08,19.09,19.1,19.12,400,200,600,1400,1900,300,4900,600,800,17600,1600,1600,3500,5100,100,1400,300,9000,4200,3700
276.0,18.97,78600,1484720.0,18.95,18.94,18.93,18.92,18.91,18.9,18.89,18.88,18.87,18.86,18.97,18.98,18.99,19.0,19.01,19.06,19.08,19.09,19.1,19.12,400,200,600,1400,1900,300,4900,600,800,17600,1600,1600,3500,5100,100,1400,300,9000,4200,3700
277.0,18.97,78600,1484720.0,18.95,18.94,18.93,18.92,18.91,18.9,18.89,18.88,18.87,18.86,18.97,18.98,18.99,19.0,19.01,19.06,19.08,19.09,19.1,19.12,400,200,600,1400,1900,300,4900,600,800,17600,1600,1600,3500,5100,100,1400,300,9000,4200,3700
278.0,18.95,79100,1494197.0,18.94,18.93,18.92,18.91,18.9,18.89,18.88,18.87,18.86,18.85,18.95,18.97,18.98,18.99,19.0,19.01,19.06,19.08,19.09,19.1,200,600,1400,1900,300,4900,600,800,17600,10200,1600,1500,1600,3500,5100,100,1400,300,9000,4200
279.0,18.95,79100,1494197.0,18.94,18.93,18.92,18.91,18.9,18.89,18.88,18.87,18.86,18.85,18.95,18.97,18.98,18.99,19.0,19.01,19.06,19.08,19.09,19.1,200,600,1400,1900,300,4900,600,800,17600,10200,1600,1500,1600,3500,5100,100,1400,300,9000,4200
280.0,18.95,79100,1494197.0,18.94,18.93,18.92,18.91,18.9,18.89,18.88,18.87,18.86,18.85,18.95,18.97,18.98,18.99,19.0,19.01,19.06,19.08,19.09,19.1,200,600,1400,1900,300,4900,600,800,17600,10200,1600,1500,1600,3500,5100,100,1400,300,9000,4200
281.0,18.95,80000,1511252.0,18.94,18.93,18.92,18.91,18.9,18.89,18.88,18.87,18.86,18.85,18.95,18.97,18.98,18.99,19.0,19.01,19.06,19.08,19.09,19.1,200,600,1400,1900,300,4900,600,800,17600,10200,700,1500,1600,3500,5100,100,1400,300,9000,4200
282.0,18.95,80000,1511252.0,18.94,18.93,18.92,18.91,18.9,18.89,18.88,18.87,18.86,18.85,18.95,18.97,18.98,18.99,19.0,19.01,19.06,19.08,19.09,19.1,200,600,1400,1900,300,4900,600,800,17600,10200,700,1500,1600,3500,5100,100,1400,300,9000,4200
283.0,18.95,80000,1511252.0,18.94,18.93,18.92,18.91,18.9,18.89,18.88,18.87,18.86,18.85,18.95,18.97,18.98,18.99,19.0,19.01,19.05,19.06,19.08,19.09,200,600,1400,1900,300,4900,600,800,17600,10200,700,1500,1600,3500,5100,100,1000,1400,300,9000
284.0,18.95,80000,1511252.0,18.94,18.93,18.92,18.91,18.9,18.89,18.88,18.87,18.86,18.85,18.95,18.97,18.98,18.99,19.0,19.01,19.05,19.06,19.08,19.09,200,600,1400,1900,300,4900,600,800,17600,10200,700,1500,1600,3500,5100,100,1000,1400,300,9000
285.0,18.95,80000,1511252.0,18.94,18.93,18.92,18.91,18.9,18.89,18.88,18.87,18.86,18.85,18.95,18.97,18.98,18.99,19.0,19.01,19.05,19.06,19.08,19.09,200,600,1400,1900,300,4900,600,800,17600,10200,700,1500,1600,3500,5100,100,1000,1400,300,9000
286.0,18.95,80000,1511252.0,18.94,18.93,18.92,18.91,18.9,18.89,18.88,18.87,18.86,18.85,18.95,18.97,18.98,18.99,19.0,19.01,19.05,19.06,19.08,19.09,200,600,1400,1900,300,4900,600,800,17600,10200,700,1500,1600,3500,5100,100,1000,1400,300,9000
287.0,18.95,80000,1511252.0,18.94,18.93,18.92,18.91,18.9,18.89,18.88,18.87,18.86,18.85,18.95,18.97,18.98,18.99,19.0,19.01,19.05,19.06,19.08,19.09,200,600,1400,1900,300,4900,600,800,17600,10200,700,1500,1600,3500,5100,100,1000,1400,300,9000
288.0,18.95,80000,1511252.0,18.94,18.93,18.92,18.91,18.9,18.89,18.88,18.87,18.86,18.85,18.95,18.97,18.98,18.99,19.0,19.01,19.05,19.06,19.08,19.09,200,600,1400,1900,300,4900,600,800,17600,10200,700,1500,1600,3500,5100,100,1000,1400,300,9000
289.0,18.95,80000,1511252.0,18.94,18.93,18.92,18.91,18.9,18.89,18.88,18.87,18.86,18.85,18.95,18.97,18.98,18.99,19.0,19.01,19.05,19.06,19.08,19.09,200,600,1400,1900,300,4900,600,800,17600,10200,700,1500,1600,3500,5100,100,1000,1400,300,9000
290.0,18.95,80000,1511252.0,18.94,18.93,18.92,18.91,18.9,18.89,18.88,18.87,18.86,18.85,18.95,18.97,18.98,18.99,19.0,19.01,19.05,19.06,19.08,19.09,200,600,1400,1900,300,4900,600,800,17600,10200,700,1500,1700,3500,5100,100,1000,1400,300,9000
291.0,18.95,80000,1511252.0,18.94,18.93,18.92,18.91,18.9,18.89,18.88,18.87,18.86,18.85,18.95,18.97,18.98,18.99,19.0,19.01,19.05,19.06,19.07,19.08,200,600,1400,1900,300,4900,600,800,17600,10200,700,1500,1700,3500,5100,100,1000,1400,300,300
292.0,18.95,80000,1511252.0,18.94,18.93,18.92,18.91,18.9,18.89,18.88,18.87,18.86,18.85,18.95,18.97,18.98,18.99,19.0,19.01,19.05,19.06,19.07,19.08,200,600,1400,1900,300,4900,600,800,17600,10200,700,1500,1700,3500,5200,100,1000,1400,300,300
293.0,18.95,80000,1511252.0,18.94,18.93,18.92,18.91,18.9,18.89,18.88,18.87,18.86,18.85,18.95,18.97,18.98,18.99,19.0,19.01,19.05,19.06,19.07,19.08,200,600,1400,1900,300,4900,600,800,17600,10200,700,1500,1700,3500,5200,100,1000,1400,300,300
294.0,18.95,80000,1511252.0,18.94,18.93,18.92,18.91,18.9,18.89,18.88,18.87,18.86,18.85,18.95,18.96,18.97,18.98,18.99,19.0,19.01,19.05,19.06,19.07,200,600,1400,1900,300,4900,600,800,17600,10200,700,1000,1500,1700,3500,5200,100,1000,1400,300
295.0,18.95,80000,1511252.0,18.94,18.93,18.92,18.91,18.9,18.89,18.88,18.87,18.86,18.85,18.95,18.96,18.97,18.98,18.99,19.0,19.01,19.05,19.06,19.07,400,600,1400,1900,300,4900,600,800,17600,10200,700,1000,1500,1700,3500,5200,100,1000,1400,300
296.0,18.95,80000,1511252.0,18.94,18.93,18.92,18.91,18.9,18.89,18.88,18.87,18.86,18.85,18.95,18.96,18.97,18.98,18.99,19.0,19.01,19.05,19.06,19.07,400,600,1400,1900,300,4900,600,800,17600,10200,700,1000,100,1700,3500,5200,100,1000,1400,300
297.0,18.95,80000,1511252.0,18.94,18.93,18.92,18.91,18.9,18.89,18.88,18.87,18.86,18.85,18.95,18.96,18.97,18.98,18.99,19.0,19.01,19.05,19.06,19.07,400,600,1400,1900,300,4900,600,800,17600,10200,700,1000,100,1700,3500,5200,100,1000,1400,300
298.0,18.95,80000,1511252.0,18.94,18.93,18.92,18.91,18.9,18.89,18.88,18.87,18.86,18.85,18.95,18.96,18.97,18.98,18.99,19.0,19.01,19.05,19.06,19.07,400,600,1400,1900,300,4900,600,800,17600,10200,700,1000,100,1700,3500,5200,100,1000,1400,300
299.0,18.95,80000,1511252.0,18.94,18.93,18.92,18.91,18.9,18.89,18.88,18.87,18.86,18.85,18.95,18.96,18.97,18.98,18.99,19.0,19.01,19.05,19.06,19.07,400,600,1400,1900,300,4900,600,800,17600,10200,700,1000,100,2700,3500,5200,100,1000,1400,300
300.0,18.95,80300,1516937.0,18.94,18.93,18.92,18.91,18.9,18.89,18.88,18.87,18.86,18.85,18.95,18.96,18.97,18.98,18.99,19.0,19.01,19.05,19.06,19.07,400,600,1400,1900,300,4900,600,800,17600,10200,400,1000,100,2700,3500,5200,100,1000,1400,300
301.0,18.95,80300,1516937.0,18.94,18.93,18.92,18.91,18.9,18.89,18.88,18.87,18.86,18.85,18.95,18.96,18.97,18.98,18.99,19.0,19.01,19.05,19.06,19.07,400,600,1400,1900,300,4900,600,800,17600,10200,600,1000,100,2700,3500,5200,100,1000,1400,300
302.0,18.95,80300,1516937.0,18.94,18.93,18.92,18.91,18.9,18.89,18.88,18.87,18.86,18.85,18.95,18.96,18.97,18.98,18.99,19.0,19.01,19.05,19.06,19.07,400,600,1400,1900,300,4900,600,800,17600,10200,600,1000,100,2700,3500,6200,100,1000,1400,300
303.0,18.95,80300,1516937.0,18.94,18.93,18.92,18.91,18.9,18.89,18.88,18.87,18.86,18.85,18.95,18.96,18.97,18.98,18.99,19.0,19.01,19.05,19.06,19.07,400,600,1400,1900,300,4900,600,800,17600,10200,800,1000,100,2700,3500,6200,100,1000,1400,300
304.0,18.95,80300,1516937.0,18.94,18.93,18.92,18.91,18.9,18.89,18.88,18.87,18.86,18.85,18.95,18.96,18.97,18.98,18.99,19.0,19.01,19.05,19.06,19.07,400,600,1400,1900,300,4900,600,800,17600,10200,800,1000,100,2700,3500,6200,100,1000,1400,300
305.0,18.95,80300,1516937.0,18.94,18.93,18.92,18.91,18.9,18.89,18.88,18.87,18.86,18.85,18.95,18.96,18.97,18.98,18.99,19.0,19.01,19.05,19.06,19.07,400,600,1400,1900,300,4900,600,800,17600,10200,2100,1000,100,2700,3500,6200,100,1000,1400,300
306.0,18.95,80300,1516937.0,18.94,18.93,18.92,18.91,18.9,18.89,18.88,18.87,18.86,18.85,18.95,18.96,18.97,18.98,18.99,19.0,19.01,19.05,19.06,19.07,400,600,1400,1900,300,4900,600,800,17600,10200,2100,1000,100,2700,3500,6200,100,1000,1400,300
307.0,18.95,80300,1516937.0,18.94,18.93,18.92,18.91,18.9,18.89,18.88,18.87,18.86,18.85,18.95,18.96,18.97,18.98,18.99,19.0,19.01,19.05,19.06,19.07,400,600,1400,1900,300,4900,600,800,17600,10200,2100,1000,100,2700,3500,6200,100,1000,1400,300
308.0,18.94,80700,1524513.0,18.93,18.92,18.91,18.9,18.89,18.88,18.87,18.86,18.85,18.84,18.94,18.95,18.96,18.97,18.98,18.99,19.0,19.01,19.05,19.06,600,1400,1900,300,4900,600,800,17600,10200,400,100,2100,1000,100,2700,3500,6200,100,1000,1400
309.0,18.94,80700,1524513.0,18.93,18.92,18.91,18.9,18.89,18.88,18.87,18.86,18.85,18.84,18.94,18.95,18.96,18.97,18.98,18.99,19.0,19.01,19.05,19.06,600,1400,1900,300,4900,600,800,17600,10200,400,400,2100,1000,100,2700,3500,6200,100,1000,1400
310.0,18.94,80700,1524513.0,18.93,18.92,18.91,18.9,18.89,18.88,18.87,18.86,18.85,18.84,18.94,18.95,18.96,18.97,18.98,18.99,19.0,19.01,19.05,19.06,600,1400,1900,300,4900,600,800,17600,10200,400,600,2100,1000,100,2700,3500,6200,100,1000,1400
311.0,18.93,80900,1528300.0,18.93,18.92,18.91,18.9,18.89,18.88,18.87,18.86,18.85,18.84,18.94,18.95,18.96,18.97,18.98,18.99,19.0,19.01,19.05,19.06,500,1400,1900,300,4900,600,800,17600,10200,400,700,2100,1000,100,2700,3500,6200,100,1000,1400
312.0,18.93,80900,1528300.0,18.93,18.92,18.91,18.9,18.89,18.88,18.87,18.86,18.85,18.84,18.94,18.95,18.96,18.97,18.98,18.99,19.0,19.01,19.05,19.06,500,1400,1900,300,4900,600,800,17600,10200,400,700,4300,1000,100,2700,3500,6200,100,1000,1400
313.0,18.93,80900,1528300.0,18.93,18.92,18.91,18.9,18.89,18.88,18.87,18.86,18.85,18.84,18.94,18.95,18.96,18.97,18.98,18.99,19.0,19.01,19.05,19.06,500,1400,1900,300,4900,600,800,17600,10200,400,700,4300,1000,100,2700,3500,6200,100,1000,1400
314.0,18.93,80900,1528300.0,18.93,18.92,18.91,18.9,18.89,18.88,18.87,18.86,18.85,18.84,18.94,18.95,18.96,18.97,18.98,18.99,19.0,19.01,19.05,19.06,500,1400,1900,300,4900,600,800,17600,10200,400,700,4300,1000,100,2700,3500,6200,100,1000,1400
315.0,18.93,80900,1528300.0,18.93,18.92,18.91,18.9,18.89,18.88,18.87,18.86,18.85,18.84,18.94,18.95,18.96,18.97,18.98,18.99,19.0,19.01,19.05,19.06,500,1400,1900,300,4900,9900,800,17600,10200,400,700,5300,1000,100,2700,3500,6200,100,1000,1400
316.0,18.94,81600,1541558.0,18.94,18.93,18.92,18.91,18.9,18.89,18.88,18.87,18.86,18.85,18.95,18.96,18.97,18.98,18.99,19.0,19.01,19.06,19.07,19.08,400,700,1400,1900,300,4900,9900,800,17600,10200,5300,1000,100,2700,3500,6200,100,1400,300,300
317.0,18.94,81600,1541558.0,18.94,18.93,18.92,18.91,18.9,18.89,18.88,18.87,18.86,18.85,18.95,18.96,18.97,18.98,18.99,19.0,19.01,19.06,19.07,19.08,400,700,1400,1900,300,4900,9900,800,17600,10200,5300,1000,100,2700,3500,6200,100,1400,300,300
318.0,18.94,81600,1541558.0,18.94,18.93,18.92,18.91,18.9,18.89,18.88,18.87,18.86,18.85,18.95,18.96,18.97,18.98,18.99,19.0,19.01,19.06,19.07,19.08,400,700,1400,1900,300,4900,9900,800,17600,10200,5300,1000,100,2700,3500,6200,100,1400,300,300
319.0,18.94,81600,1541558.0,18.94,18.93,18.92,18.91,18.9,18.89,18.88,18.87,18.86,18.85,18.95,18.96,18.97,18.98,18.99,19.0,19.01,19.06,19.07,19.08,400,700,1400,1900,300,4900,9900,800,17600,10200,5300,1000,100,2700,3500,6200,100,1400,300,300
320.0,18.94,81600,1541558.0,18.94,18.93,18.92,18.91,18.9,18.89,18.88,18.87,18.86,18.85,18.95,18.96,18.97,18.98,18.99,19.0,19.01,19.06,19.07,19.08,400,700,1400,1900,300,4900,9900,800,17600,10200,5300,1000,100,2700,3500,6200,100,1400,300,300
321.0,18.94,81600,1541558.0,18.94,18.93,18.92,18.91,18.9,18.89,18.88,18.87,18.86,18.85,18.95,18.96,18.97,18.98,18.99,19.0,19.01,19.06,19.07,19.08,400,700,1400,1900,300,4900,9900,800,17600,10200,5300,1000,100,2700,3500,6200,100,1400,300,300
322.0,18.94,81600,1541558.0,18.94,18.93,18.92,18.91,18.9,18.89,18.88,18.87,18.86,18.85,18.95,18.96,18.97,18.98,18.99,19.0,19.01,19.06,19.07,19.08,400,700,1400,1900,300,4900,9900,800,17600,10200,5300,1000,100,2700,3500,6200,100,1400,300,300
323.0,18.94,81600,1541558.0,18.94,18.93,18.92,18.91,18.9,18.89,18.88,18.87,18.86,18.85,18.95,18.96,18.97,18.98,18.99,19.0,19.01,19.06,19.07,19.08,400,700,1400,1900,300,4900,9900,800,17600,10200,5300,1000,100,2700,3500,6200,100,1400,300,300
324.0,18.94,81600,1541558.0,18.94,18.93,18.92,18.91,18.9,18.89,18.88,18.87,18.86,18.85,18.95,18.96,18.97,18.98,18.99,19.0,19.01,19.06,19.07,19.08,400,700,1400,1900,300,4900,9900,800,17600,10200,5300,1000,100,2700,3500,6200,100,1400,300,300
325.0,18.94,81600,1541558.0,18.94,18.93,18.92,18.91,18.9,18.89,18.88,18.87,18.86,18.85,18.95,18.96,18.97,18.98,18.99,19.0,19.01,19.06,19.07,19.08,400,700,1400,1900,300,4900,9900,800,17600,10200,5300,1000,100,2700,3500,6200,100,1400,300,300
326.0,18.94,81600,1541558.0,18.94,18.93,18.92,18.91,18.9,18.89,18.88,18.87,18.86,18.85,18.95,18.96,18.97,18.98,18.99,19.0,19.01,19.06,19.07,19.08,400,700,1400,1900,300,4900,9900,800,17600,10200,5400,1000,100,2700,3500,6200,100,1400,300,300
327.0,18.94,81600,1541558.0,18.94,18.93,18.92,18.91,18.9,18.89,18.88,18.87,18.86,18.85,18.95,18.96,18.97,18.98,18.99,19.0,19.01,19.06,19.07,19.08,400,700,1400,1900,300,4900,9900,800,17600,10200,5400,1000,100,2700,3500,7200,100,1400,300,300
328.0,18.94,81600,1541558.0,18.94,18.93,18.92,18.91,18.9,18.89,18.88,18.87,18.86,18.85,18.95,18.96,18.97,18.98,18.99,19.0,19.01,19.06,19.07,19.08,500,700,1400,1900,300,4900,9900,800,17600,10200,5400,1000,100,2700,3500,7200,100,1400,300,300
329.0,18.94,81600,1541558.0,18.94,18.93,18.92,18.91,18.9,18.89,18.88,18.87,18.86,18.85,18.95,18.96,18.97,18.98,18.99,19.0,19.01,19.06,19.07,19.08,500,700,1400,1900,300,4900,9900,800,17600,10200,5400,1000,100,2700,3500,7200,100,1400,300,300
330.0,18.94,81700,1543452.0,18.94,18.93,18.92,18.91,18.9,18.89,18.88,18.87,18.86,18.85,18.95,18.96,18.97,18.98,18.99,19.0,19.01,19.06,19.07,19.08,400,700,1400,1900,300,4900,9900,800,17600,10200,5400,1000,100,2700,3500,7200,100,1400,300,300
331.0,18.94,81700,1543452.0,18.94,18.93,18.92,18.91,18.9,18.89,18.88,18.87,18.86,18.85,18.95,18.96,18.97,18.98,18.99,19.0,19.01,19.06,19.07,19.08,200,700,1400,1900,300,4900,9900,800,17600,10200,5400,1000,200,2700,3500,7200,100,1400,300,300
332.0,18.94,81900,1547240.0,18.93,18.92,18.91,18.9,18.89,18.88,18.87,18.86,18.85,18.84,18.94,18.95,18.96,18.97,18.98,18.99,19.0,19.01,19.06,19.07,700,1400,1900,300,4900,10400,800,17600,10200,400,800,5400,1000,200,2700,3500,7200,100,1400,300
333.0,18.94,81900,1547240.0,18.93,18.92,18.91,18.9,18.89,18.88,18.87,18.86,18.85,18.84,18.94,18.95,18.96,18.97,18.98,18.99,19.0,19.01,19.06,19.07,700,1400,1900,300,4900,10400,800,17600,10200,400,800,5400,1000,200,2700,3500,7200,100,1400,300
334.0,18.94,81900,1547240.0,18.93,18.92,18.91,18.9,18.89,18.88,18.87,18.86,18.85,18.84,18.94,18.95,18.96,18.97,18.98,18.99,19.0,19.01,19.06,19.07,700,1400,1900,300,4900,10400,800,17600,10200,400,800,6200,1000,200,2700,3500,7200,100,1400,300
335.0,18.94,81900,1547240.0,18.93,18.92,18.91,18.9,18.89,18.88,18.87,18.86,18.85,18.84,18.94,18.95,18.96,18.97,18.98,18.99,19.0,19.01,19.06,19.07,700,1400,1900,300,4900,10400,800,17600,10200,400,1100,6200,1000,200,2700,3500,7200,100,1400,300
336.0,18.94,81900,1547240.0,18.93,18.92,18.91,18.9,18.89,18.88,18.87,18.86,18.85,18.84,18.94,18.95,18.96,18.97,18.98,18.99,19.0,19.01,19.06,19.07,700,1400,1900,300,4900,10400,800,17600,10200,400,1100,6200,1000,200,2700,3500,7200,100,1400,300
337.0,18.94,81900,1547240.0,18.93,18.92,18.91,18.9,18.89,18.88,18.87,18.86,18.85,18.84,18.94,18.95,18.96,18.97,18.98,18.99,19.0,19.01,19.06,19.07,700,1400,1900,300,4900,10400,800,17600,10200,400,2400,6200,1000,200,2700,3500,7200,100,1400,300
338.0,18.94,81900,1547240.0,18.93,18.92,18.91,18.9,18.89,18.88,18.87,18.86,18.85,18.84,18.94,18.95,18.96,18.97,18.98,18.99,19.0,19.01,19.06,19.07,1500,1400,1900,300,4900,10400,800,17600,10200,400,2400,6200,1000,200,2700,3500,7200,100,1400,300
339.0,18.94,81900,1547240.0,18.93,18.92,18.91,18.9,18.89,18.88,18.87,18.86,18.85,18.84,18.94,18.95,18.96,18.97,18.98,18.99,19.0,19.01,19.06,19.07,1500,1400,1900,300,4900,10400,800,17600,10200,400,2400,6200,1000,200,2700,3500,7200,1100,1400,300
340.0,18.94,81900,1547240.0,18.93,18.92,18.91,18.9,18.89,18.88,18.87,18.86,18.85,18.84,18.94,18.95,18.96,18.97,18.98,18.99,19.0,19.01,19.06,19.07,1500,1400,1900,300,4900,10400,800,17600,10200,400,2400,6200,1000,200,2700,3500,7200,1100,1400,300
341.0,18.93,82300,1554812.0,18.93,18.92,18.91,18.9,18.89,18.88,18.87,18.86,18.85,18.84,18.94,18.95,18.96,18.97,18.98,18.99,19.0,19.01,19.06,19.07,1100,1400,1900,300,4900,10400,800,17600,10200,400,2400,6200,1000,200,2700,3500,7200,1100,1400,300
342.0,18.93,82400,1556705.0,18.93,18.92,18.91,18.9,18.89,18.88,18.87,18.86,18.85,18.84,18.94,18.95,18.96,18.97,18.98,18.99,19.0,19.01,19.06,19.07,1000,1400,1900,300,4900,10400,800,17600,10200,400,2400,6200,1000,200,2700,3500,6200,1100,1400,300
343.0,18.93,83400,1575635.0,18.92,18.91,18.9,18.89,18.88,18.87,18.86,18.85,18.84,18.8,18.93,18.94,18.95,18.96,18.97,18.98,18.99,19.0,19.01,19.06,1400,1900,300,4900,10400,800,17600,10200,400,300,400,2400,6200,1000,200,2700,3500,6200,1100,1400
344.0,18.93,83400,1575635.0,18.92,18.91,18.9,18.89,18.88,18.87,18.86,18.85,18.84,18.8,18.93,18.94,18.95,18.96,18.97,18.98,18.99,19.0,19.01,19.06,1400,1900,300,4900,10400,800,17600,10200,400,300,400,2400,6200,1000,200,2700,3500,6200,1100,1400
345.0,18.92,83500,1577527.0,18.92,18.91,18.9,18.89,18.88,18.87,18.86,18.85,18.84,18.8,18.93,18.94,18.95,18.96,18.97,18.98,18.99,19.0,19.01,19.06,1300,1900,300,4900,10400,800,17600,10200,400,300,400,2400,6200,1000,200,2700,3500,6200,1100,1400
346.0,18.92,83500,1577527.0,18.92,18.91,18.9,18.89,18.88,18.87,18.86,18.85,18.84,18.8,18.93,18.94,18.95,18.96,18.97,18.98,18.99,19.0,19.01,19.06,1300,1900,300,4900,10400,800,17600,10200,400,300,400,2400,6200,1000,200,2700,3500,6200,1100,1400
347.0,18.92,83500,1577527.0,18.92,18.91,18.9,18.89,18.88,18.87,18.86,18.85,18.84,18.8,18.93,18.94,18.95,18.96,18.97,18.98,18.99,19.0,19.01,19.06,1300,1900,300,4900,10400,800,17600,10200,400,300,800,2400,6200,1000,200,2700,3500,6200,1100,1400
348.0,18.92,83500,1577527.0,18.92,18.91,18.9,18.89,18.88,18.87,18.86,18.85,18.84,18.8,18.93,18.94,18.95,18.96,18.97,18.98,18.99,19.0,19.01,19.06,1300,1900,300,4900,10400,800,17600,10200,400,300,800,2400,6200,1000,200,2700,3500,6200,1100,1400
349.0,18.92,83600,1579419.0,18.92,18.91,18.9,18.89,18.88,18.87,18.86,18.85,18.84,18.8,18.93,18.94,18.95,18.96,18.97,18.98,18.99,19.0,19.01,19.06,1200,1900,300,4900,10400,800,17600,10200,400,300,800,2400,6200,1000,200,2700,3500,6200,1100,1400
350.0,18.92,83700,1581311.0,18.92,18.91,18.9,18.89,18.88,18.87,18.86,18.85,18.84,18.8,18.93,18.94,18.95,18.96,18.97,18.98,18.99,19.0,19.01,19.06,1100,1900,300,4900,10400,800,17600,10200,400,300,800,2400,6200,1000,200,2700,3500,6200,1100,1400
351.0,18.92,83700,1581311.0,18.92,18.91,18.9,18.89,18.88,18.87,18.86,18.85,18.84,18.8,18.93,18.94,18.95,18.96,18.97,18.98,18.99,19.0,19.01,19.06,1100,1900,300,4900,10400,800,17600,10200,400,300,800,2400,6200,1000,200,2700,3500,6200,1100,1400
352.0,18.92,83800,1583203.0,18.92,18.91,18.9,18.89,18.88,18.87,18.86,18.85,18.84,18.8,18.93,18.94,18.95,18.96,18.97,18.98,18.99,19.0,19.01,19.06,1000,2700,300,4900,10400,800,17600,10200,400,300,800,2400,6200,1000,200,2700,3500,6200,1100,1400
353.0,18.92,84000,1586987.0,18.92,18.91,18.9,18.89,18.88,18.87,18.86,18.85,18.84,18.8,18.93,18.94,18.95,18.96,18.97,18.98,18.99,19.0,19.01,19.06,800,2700,300,4000,10400,800,17600,10200,400,300,800,2400,6200,1000,200,2700,3500,6200,1100,1400
354.0,18.92,84000,1586987.0,18.92,18.91,18.9,18.89,18.88,18.87,18.86,18.85,18.84,18.8,18.93,18.94,18.95,18.96,18.97,18.98,18.99,19.0,19.01,19.06,800,2700,300,4000,10400,800,17600,10200,400,300,1800,2400,6200,1000,200,2700,3500,6200,1100,1400
355.0,18.92,84000,1586987.0,18.92,18.91,18.9,18.89,18.88,18.87,18.86,18.85,18.84,18.8,18.93,18.94,18.95,18.96,18.97,18.98,18.99,19.0,19.01,19.06,800,2700,300,4000,10400,800,17600,10200,400,300,2100,2400,6200,1000,200,2700,3500,6200,1100,1400
356.0,18.92,84000,1586987.0,18.92,18.91,18.9,18.89,18.88,18.87,18.86,18.85,18.84,18.8,18.93,18.94,18.95,18.96,18.97,18.98,18.99,19.0,19.01,19.06,800,2700,300,4000,10400,800,17600,10200,400,300,2200,2400,6200,1000,200,2700,3500,6200,1100,1400
357.0,18.92,84000,1586987.0,18.92,18.91,18.9,18.89,18.88,18.87,18.86,18.85,18.84,18.8,18.93,18.94,18.95,18.96,18.97,18.98,18.99,19.0,19.01,19.06,800,2700,300,4000,10400,800,17600,10200,400,300,2200,2400,6200,1000,200,2700,3500,6200,1100,1400
358.0,18.92,84000,1586987.0,18.92,18.91,18.9,18.89,18.88,18.87,18.86,18.85,18.84,18.8,18.93,18.94,18.95,18.96,18.97,18.98,18.99,19.0,19.01,19.06,800,2700,300,4000,10400,800,17600,10200,400,300,2200,2400,6200,1000,200,2700,3500,6200,1100,1400
359.0,18.92,84100,1588879.0,18.92,18.91,18.9,18.89,18.88,18.87,18.86,18.85,18.84,18.8,18.93,18.94,18.95,18.96,18.97,18.98,18.99,19.0,19.01,19.06,700,2700,300,4000,10400,800,17600,10200,400,300,2000,2400,6200,1000,200,2700,3500,6200,1100,1400
360.0,18.92,84100,1588879.0,18.92,18.91,18.9,18.89,18.88,18.87,18.86,18.85,18.84,18.8,18.93,18.94,18.95,18.96,18.97,18.98,18.99,19.0,19.01,19.06,700,2700,300,4000,10400,800,17600,10200,400,300,2000,2400,6200,1000,200,2700,3500,6200,1100,1400
361.0,18.92,84100,1588879.0,18.92,18.91,18.9,18.89,18.88,18.87,18.86,18.85,18.84,18.8,18.93,18.94,18.95,18.96,18.97,18.98,18.99,19.0,19.01,19.06,700,2700,300,4000,10400,800,17600,10200,400,300,2000,2400,6200,1000,200,2700,3500,6200,1100,1400
362.0,18.92,84300,1592663.0,18.92,18.91,18.9,18.89,18.88,18.87,18.86,18.85,18.84,18.8,18.93,18.94,18.95,18.96,18.97,18.98,18.99,19.0,19.01,19.06,500,2700,300,4000,10400,800,17600,10200,400,300,2000,2400,6200,1000,200,2700,3500,5200,1100,1400
363.0,18.9,87800,1658850.0,18.89,18.88,18.87,18.86,18.85,18.84,18.8,18.79,18.78,18.77,18.91,18.92,18.93,18.94,18.95,18.96,18.97,18.98,18.99,19.0,4000,10400,800,17600,10200,400,300,1300,1500,200,600,2800,2000,2400,6200,1000,200,2700,3500,5200
364.0,18.89,88200,1666406.0,18.89,18.88,18.87,18.86,18.85,18.84,18.8,18.79,18.78,18.77,18.91,18.92,18.93,18.94,18.95,18.96,18.97,18.98,18.99,19.0,3600,10400,800,17600,10200,400,300,1300,1500,200,600,2800,2000,2400,6200,1000,200,2700,3500,5200
365.0,18.89,89200,1685296.0,18.89,18.88,18.87,18.86,18.85,18.84,18.8,18.79,18.78,18.77,18.91,18.92,18.93,18.94,18.95,18.96,18.97,18.98,18.99,19.0,2600,10400,800,17600,10200,400,3500,1300,1500,200,600,2800,2000,2400,6200,1000,200,2700,3500,5200
366.0,18.89,89200,1685296.0,18.89,18.88,18.87,18.86,18.85,18.84,18.8,18.79,18.78,18.77,18.91,18.92,18.93,18.94,18.95,18.96,18.97,18.98,18.99,19.0,2600,10400,800,17600,10200,400,3500,1300,1500,200,600,2800,2000,2400,6200,1000,200,2700,3500,5200
367.0,18.89,89200,1685296.0,18.89,18.88,18.87,18.86,18.85,18.84,18.8,18.79,18.78,18.77,18.92,18.93,18.94,18.95,18.96,18.97,18.98,18.99,19.0,19.01,2600,10400,800,17600,10200,400,3500,1300,1500,200,2800,2000,2400,5200,1000,200,2700,3500,5200,1100
368.0,18.89,89400,1689074.0,18.89,18.88,18.87,18.86,18.85,18.84,18.8,18.79,18.78,18.77,18.92,18.93,18.94,18.95,18.96,18.97,18.98,18.99,19.0,19.01,2400,10400,800,17600,10200,400,3500,1300,1500,200,2800,2000,2400,5200,1000,200,2700,3500,5200,1100
369.0,18.89,89400,1689074.0,18.89,18.88,18.87,18.86,18.85,18.84,18.8,18.79,18.78,18.77,18.92,18.93,18.94,18.95,18.96,18.97,18.98,18.99,19.0,19.01,2500,10400,800,17600,10200,400,3500,1300,1500,200,2900,2000,2400,5200,1000,200,2700,3500,5200,1100
370.0,18.89,89400,1689074.0,18.89,18.88,18.87,18.86,18.85,18.84,18.8,18.79,18.78,18.77,18.92,18.93,18.94,18.95,18.96,18.97,18.98,18.99,19.0,19.01,2500,10400,800,17600,10200,400,3500,1300,1500,200,2900,2000,2400,5200,1000,200,2700,3500,5200,1100
371.0,18.89,89400,1689074.0,18.89,18.88,18.87,18.86,18.85,18.84,18.8,18.79,18.78,18.77,18.92,18.93,18.94,18.95,18.96,18.97,18.98,18.99,19.0,19.01,2600,10400,800,17600,10200,400,3500,1300,1500,200,3000,2000,2400,5200,1000,200,2700,3500,5200,1100
372.0,18.89,89800,1696630.0,18.89,18.88,18.87,18.86,18.85,18.84,18.8,18.79,18.78,18.77,18.92,18.93,18.94,18.95,18.96,18.97,18.98,18.99,19.0,19.01,2200,10400,800,17600,10200,400,3500,1300,1500,200,3000,2000,2400,5200,1000,200,2700,3500,5200,1100
373.0,18.89,89800,1696630.0,18.89,18.88,18.87,18.86,18.85,18.84,18.8,18.79,18.78,18.77,18.92,18.93,18.94,18.95,18.96,18.97,18.98,18.99,19.0,19.01,2200,10400,800,17600,10200,400,3500,1300,1500,200,3100,2000,2400,5200,1000,200,2700,3500,5200,1100
374.0,18.89,89800,1696630.0,18.9,18.89,18.88,18.87,18.86,18.85,18.84,18.8,18.79,18.78,18.92,18.93,18.94,18.95,18.96,18.97,18.98,18.99,19.0,19.01,700,2300,10400,800,17600,10200,400,3500,1300,1500,3100,2000,2400,5200,1000,200,2700,3500,5200,1100
375.0,18.89,89800,1696630.0,18.9,18.89,18.88,18.87,18.86,18.85,18.84,18.8,18.79,18.78,18.92,18.93,18.94,18.95,18.96,18.97,18.98,18.99,19.0,19.01,700,2300,10400,800,17600,10200,400,3500,1300,1500,3100,2000,2400,5200,1000,200,2700,3500,5200,1100
376.0,18.9,89900,1698520.0,18.9,18.89,18.88,18.87,18.86,18.85,18.84,18.8,18.79,18.78,18.92,18.93,18.94,18.95,18.96,18.97,18.98,18.99,19.0,19.01,700,2300,10400,800,17600,10200,400,3500,1300,1500,3100,2000,2400,5200,1000,200,2700,3500,5200,1100
377.0,18.9,89900,1698520.0,18.9,18.89,18.88,18.87,18.86,18.85,18.84,18.8,18.79,18.78,18.92,18.93,18.94,18.95,18.96,18.97,18.98,18.99,19.0,19.01,700,2300,10400,800,17600,10200,400,3500,1300,1500,3100,2000,2400,5200,1000,200,2700,3500,5200,1100
378.0,18.9,89900,1698520.0,18.9,18.89,18.88,18.87,18.86,18.85,18.84,18.8,18.79,18.78,18.92,18.93,18.94,18.95,18.96,18.97,18.98,18.99,19.0,19.01,800,2300,10400,800,17600,10200,400,3500,1300,1500,3100,2000,2400,5200,1000,200,2700,3500,5200,1100
379.0,18.9,90200,1704190.0,18.9,18.89,18.88,18.87,18.86,18.85,18.84,18.8,18.79,18.78,18.92,18.93,18.94,18.95,18.96,18.97,18.98,18.99,19.0,19.01,500,2300,10400,800,17600,10200,400,3500,1300,1500,3100,2000,2400,5200,1000,200,2700,3500,5200,1100
380.0,18.9,90200,1704190.0,18.9,18.89,18.88,18.87,18.86,18.85,18.84,18.8,18.79,18.78,18.92,18.93,18.94,18.95,18.96,18.97,18.98,18.99,19.0,19.01,500,2300,10400,800,17600,10200,400,3500,1300,1500,3100,2000,2400,5200,1000,200,2700,3500,5200,1100
381.0,18.9,90200,1704190.0,18.9,18.89,18.88,18.87,18.86,18.85,18.84,18.8,18.79,18.78,18.92,18.93,18.94,18.95,18.96,18.97,18.98,18.99,19.0,19.01,500,2300,10400,800,17600,10200,400,3500,1300,1500,3100,2000,2400,5200,1000,200,2700,3500,5200,1100
382.0,18.9,90200,1704190.0,18.9,18.89,18.88,18.87,18.86,18.85,18.84,18.8,18.79,18.78,18.92,18.93,18.94,18.95,18.96,18.97,18.98,18.99,19.0,19.01,500,2300,10400,800,17600,10200,400,3500,1300,1500,3100,2000,2400,5200,1000,1200,2700,3500,5200,1100
383.0,18.9,90200,1704190.0,18.9,18.89,18.88,18.87,18.86,18.85,18.84,18.8,18.79,18.78,18.92,18.93,18.94,18.95,18.96,18.97,18.98,18.99,19.0,19.01,500,2300,10400,800,17600,10200,400,3500,1300,1500,3100,2000,2400,5200,1000,1200,2700,4500,5200,1100
384.0,18.9,90200,1704190.0,18.9,18.89,18.88,18.87,18.86,18.85,18.84,18.8,18.79,18.78,18.92,18.93,18.94,18.95,18.96,18.97,18.98,18.99,19.0,19.01,500,2300,10400,800,17600,10200,400,3500,1300,1500,3100,2000,2400,5200,1000,1200,2700,4500,5200,1100
385.0,18.9,90200,1704190.0,18.9,18.89,18.88,18.87,18.86,18.85,18.84,18.8,18.79,18.78,18.92,18.93,18.94,18.95,18.96,18.97,18.98,18.99,19.0,19.01,500,2300,10400,800,17600,10200,400,3500,1300,1500,3100,2000,2400,5200,1000,1200,2700,4500,5200,1100
386.0,18.9,90200,1704190.0,18.9,18.89,18.88,18.87,18.86,18.85,18.84,18.8,18.79,18.78,18.92,18.93,18.94,18.95,18.96,18.97,18.98,18.99,19.0,19.01,500,2300,10400,800,17600,10200,400,3500,1300,1500,3100,2000,2400,5200,1000,1200,2700,4500,5200,1100
387.0,18.9,90400,1707970.0,18.9,18.89,18.88,18.87,18.86,18.85,18.84,18.8,18.79,18.78,18.92,18.93,18.94,18.95,18.96,18.97,18.98,18.99,19.0,19.01,300,2300,10400,800,17600,10200,400,3500,1300,1500,3100,2000,2400,5200,1000,1200,2700,4500,5200,1100
388.0,18.9,90700,1713640.0,18.89,18.88,18.87,18.86,18.85,18.84,18.8,18.79,18.78,18.77,18.9,18.92,18.93,18.94,18.95,18.96,18.97,18.98,18.99,19.0,2300,10400,800,17600,10200,400,3500,1300,1500,200,200,3400,2000,2400,5200,1000,1200,2700,4500,5200
389.0,18.89,91000,1719307.0,18.89,18.88,18.87,18.86,18.85,18.84,18.8,18.79,18.78,18.77,18.9,18.92,18.93,18.94,18.95,18.96,18.97,18.98,18.99,19.0,2000,10400,800,17600,10200,400,3500,1300,1500,200,400,3400,2000,2400,5200,1000,1200,2700,4500,5200
390.0,18.89,91000,1719307.0,18.89,18.88,18.87,18.86,18.85,18.84,18.8,18.79,18.78,18.77,18.9,18.92,18.93,18.94,18.95,18.96,18.97,18.98,18.99,19.0,2000,10400,800,17600,10200,400,3500,1300,1500,200,400,3400,2000,2400,5200,1000,1200,2700,4500,5200
391.0,18.89,91000,1719307.0,18.89,18.88,18.87,18.86,18.85,18.84,18.8,18.79,18.78,18.77,18.9,18.92,18.93,18.94,18.95,18.96,18.97,18.98,18.99,19.0,2000,10400,800,17600,10200,400,3500,1300,1500,200,400,3400,2000,2400,5200,1000,1200,2700,4500,5200
392.0,18.89,91200,1723085.0,18.89,18.88,18.87,18.86,18.85,18.84,18.8,18.79,18.78,18.77,18.9,18.92,18.93,18.94,18.95,18.96,18.97,18.98,18.99,19.0,1800,10400,800,17600,10200,400,3500,1300,1500,200,400,3400,2000,2400,5200,1000,1200,2700,4500,5200
393.0,18.89,91200,1723085.0,18.89,18.88,18.87,18.86,18.85,18.84,18.8,18.79,18.78,18.77,18.9,18.92,18.93,18.94,18.95,18.96,18.97,18.98,18.99,19.0,1800,10400,800,17600,10200,400,3500,1300,1500,200,400,3400,2000,2400,5200,1000,1200,2700,4500,5200
394.0,18.89,91300,1724974.0,18.89,18.88,18.87,18.86,18.85,18.84,18.8,18.79,18.78,18.77,18.9,18.92,18.93,18.94,18.95,18.96,18.97,18.98,18.99,19.0,1700,10400,800,17600,10200,400,3500,1300,1500,200,400,3400,2000,2400,5200,1000,1200,2700,4500,5200
395.0,18.89,91300,1724974.0,18.89,18.88,18.87,18.86,18.85,18.84,18.8,18.79,18.78,18.77,18.9,18.92,18.93,18.94,18.95,18.96,18.97,18.98,18.99,19.0,1700,10400,800,17600,10200,400,3500,1300,1500,200,400,3400,2000,2400,5200,1000,1200,2700,4500,5200
396.0,18.89,91400,1726863.0,18.89,18.88,18.87,18.86,18.85,18.84,18.8,18.79,18.78,18.77,18.9,18.92,18.93,18.94,18.95,18.96,18.97,18.98,18.99,19.0,1600,10400,800,17600,10200,400,3500,1300,1500,200,400,3400,2000,2400,5200,1000,1200,2700,4500,5200
397.0,18.89,91500,1728752.0,18.89,18.88,18.87,18.86,18.85,18.84,18.8,18.79,18.78,18.77,18.9,18.92,18.93,18.94,18.95,18.96,18.97,18.98,18.99,19.0,1500,10400,800,17600,10200,400,3500,1300,1500,200,400,3400,2000,2400,5200,1000,1200,2700,4500,5200
398.0,18.89,91500,1728752.0,18.89,18.88,18.87,18.86,18.85,18.84,18.8,18.79,18.78,18.77,18.9,18.92,18.93,18.94,18.95,18.96,18.97,18.98,18.99,19.0,1500,10400,800,17600,10200,400,3500,1300,1500,200,400,3400,2000,2400,5200,1000,1200,2700,4500,5200
399.0,18.89,91500,1728752.0,18.89,18.88,18.87,18.86,18.85,18.84,18.8,18.79,18.78,18.77,18.9,18.92,18.93,18.94,18.95,18.96,18.97,18.98,18.99,19.0,1500,10400,800,17600,10200,400,3500,1300,1500,200,200,3400,2000,2400,5200,1000,1200,2700,4500,5200
400.0,18.89,91800,1734419.0,18.89,18.88,18.87,18.86,18.85,18.84,18.8,18.79,18.78,18.77,18.9,18.92,18.93,18.94,18.95,18.96,18.97,18.98,18.99,19.0,1200,10400,800,17600,10200,400,3500,1300,1500,200,200,3400,2000,2400,5200,1000,1200,2700,4500,5200
401.0,18.89,91900,1736308.0,18.89,18.88,18.87,18.86,18.85,18.84,18.8,18.79,18.78,18.77,18.9,18.92,18.93,18.94,18.95,18.96,18.97,18.98,18.99,19.0,1100,10400,800,17600,10200,400,3500,1300,1500,200,200,3400,2000,2400,5200,1000,1200,2700,4500,5200
402.0,18.9,92000,1738198.0,18.89,18.88,18.87,18.86,18.85,18.84,18.8,18.79,18.78,18.77,18.9,18.92,18.93,18.94,18.95,18.96,18.97,18.98,18.99,19.0,1100,10400,800,17600,10200,400,3500,1300,1500,200,100,3400,2000,2400,5200,1000,1200,2700,4500,5200
403.0,18.9,92000,1738198.0,18.89,18.88,18.87,18.86,18.85,18.84,18.8,18.79,18.78,18.77,18.9,18.92,18.93,18.94,18.95,18.96,18.97,18.98,18.99,19.0,1100,10400,800,17600,10200,400,3500,1300,1500,200,100,3400,2000,2400,5200,1000,2000,2700,4500,5200
404.0,18.9,92000,1738198.0,18.89,18.88,18.87,18.86,18.85,18.84,18.8,18.79,18.78,18.77,18.9,18.92,18.93,18.94,18.95,18.96,18.97,18.98,18.99,19.0,1100,10400,800,17600,10200,400,3500,1300,1500,200,100,3600,2000,2400,5200,1000,2000,2700,4500,5200
405.0,18.9,92000,1738198.0,18.89,18.88,18.87,18.86,18.85,18.84,18.8,18.79,18.78,18.77,18.9,18.92,18.93,18.94,18.95,18.96,18.97,18.98,18.99,19.0,1100,10400,800,17600,10200,400,3500,1300,1500,200,100,3600,2000,2400,5200,1000,2000,2700,4500,5200
406.0,18.9,92000,1738198.0,18.89,18.88,18.87,18.86,18.85,18.84,18.8,18.79,18.78,18.77,18.9,18.92,18.93,18.94,18.95,18.96,18.97,18.98,18.99,19.0,1100,10400,800,17600,10200,400,3500,1300,1500,200,100,3600,2000,2400,5200,1000,2000,2700,4500,5200
407.0,18.9,92100,1740088.0,18.9,18.89,18.88,18.87,18.86,18.85,18.84,18.8,18.79,18.78,18.92,18.93,18.94,18.95,18.96,18.97,18.98,18.99,19.0,19.01,100,1100,10400,800,17600,10200,400,3500,1300,1500,3600,2000,2400,5200,1000,2000,2700,4500,5200,100
408.0,18.9,92100,1740088.0,18.9,18.89,18.88,18.87,18.86,18.85,18.84,18.8,18.79,18.78,18.92,18.93,18.94,18.95,18.96,18.97,18.98,18.99,19.0,19.01,100,1100,10400,800,17600,10200,400,3500,1300,1500,3600,2000,2400,5200,1000,2000,2700,3500,5200,100
409.0,18.92,92400,1745764.0,18.9,18.89,18.88,18.87,18.86,18.85,18.84,18.8,18.79,18.78,18.92,18.93,18.94,18.95,18.96,18.97,18.98,18.99,19.0,19.01,100,1100,10400,800,17600,10200,400,3500,1300,1500,3300,2000,2400,5200,1000,2000,2700,3500,5200,100
410.0,18.92,92400,1745764.0,18.9,18.89,18.88,18.87,18.86,18.85,18.84,18.8,18.79,18.78,18.92,18.93,18.94,18.95,18.96,18.97,18.98,18.99,19.0,19.01,100,1100,10400,800,17600,10200,400,3500,1300,1500,3300,2000,2400,5200,1000,2000,2700,3500,5200,100
411.0,18.92,92400,1745764.0,18.9,18.89,18.88,18.87,18.86,18.85,18.84,18.8,18.79,18.78,18.92,18.93,18.94,18.95,18.96,18.97,18.98,18.99,19.0,19.01,100,1100,10400,800,17600,10200,400,3500,1300,1500,3300,2000,2400,5200,1000,2000,2700,3500,5200,100
412.0,18.92,92700,1751440.0,18.9,18.89,18.88,18.87,18.86,18.85,18.84,18.8,18.79,18.78,18.92,18.93,18.94,18.95,18.96,18.97,18.98,18.99,19.0,19.01,100,1100,10400,800,17600,10200,400,3500,1300,1500,3000,2000,2400,5200,1000,2000,2700,3500,5200,100
413.0,18.92,92700,1751440.0,18.9,18.89,18.88,18.87,18.86,18.85,18.84,18.8,18.79,18.78,18.92,18.93,18.94,18.95,18.96,18.97,18.98,18.99,19.0,19.01,100,1100,10400,800,17600,10200,400,3500,1300,1500,3000,2000,2400,5200,1000,2000,2700,3500,5200,100
414.0,18.92,92700,1751440.0,18.9,18.89,18.88,18.87,18.86,18.85,18.84,18.8,18.79,18.78,18.92,18.93,18.94,18.95,18.96,18.97,18.98,18.99,19.0,19.01,100,1100,10400,800,17600,10200,400,3500,1300,1500,3000,2000,2400,5200,1000,2000,2700,3500,5200,100
415.0,18.92,93000,1757116.0,18.9,18.89,18.88,18.87,18.86,18.85,18.84,18.8,18.79,18.78,18.92,18.93,18.94,18.95,18.96,18.97,18.98,18.99,19.0,19.01,100,1100,10400,800,17600,10200,400,3500,1300,1500,2700,2000,2400,5200,1000,2000,2700,3500,5200,100
