LocalTime,LastPrice,TradeVolume,TradeValue,BidPrice1,BidPrice2,BidPrice3,BidPrice4,BidPrice5,BidPrice6,BidPrice7,BidPrice8,BidPrice9,BidPriceA,AskPrice1,AskPrice2,AskPrice3,AskPrice4,AskPrice5,AskPrice6,AskPrice7,AskPrice8,AskPrice9,AskPriceA,BidVolume1,BidVolume2,BidVolume3,BidVolume4,BidVolume5,BidVolume6,BidVolume7,BidVolume8,BidVolume9,BidVolumeA,AskVolume1,AskVolume2,AskVolume3,AskVolume4,AskVolume5,AskVolume6,AskVolume7,AskVolume8,AskVolume9,AskVolumeA
0.0,29.88,3800,113544.0,29.85,29.84,29.6,29.41,29.3,29.28,29.23,29.0,28.51,28.5,29.88,29.9,29.98,29.99,30.06,30.09,30.1,30.15,30.18,30.29,100,200,100,200,800,200,500,300,100,700,2200,2100,1500,13100,100,100,400,500,300,200
1.0,29.85,3900,116529.0,29.84,29.6,29.41,29.3,29.28,29.23,29.0,28.51,28.5,28.1,29.85,29.87,29.88,29.9,29.98,29.99,30.06,30.09,30.1,30.15,200,100,200,800,200,500,300,100,700,300,900,700,2200,1000,1500,13100,100,100,400,500
2.0,29.85,3900,116529.0,29.84,29.6,29.41,29.3,29.28,29.23,29.0,28.51,28.5,28.1,29.87,29.88,29.9,29.98,29.99,30.06,30.09,30.1,30.15,30.18,200,100,200,800,200,500,300,100,700,300,700,2200,1000,1500,4300,100,100,400,500,300
3.0,29.85,3900,116529.0,29.84,29.6,29.41,29.3,29.28,29.23,29.0,28.66,28.51,28.5,29.85,29.87,29.88,29.9,29.98,29.99,30.06,30.09,30.1,30.15,200,100,200,800,200,500,300,1000,100,700,100,700,2200,1000,1500,4300,100,100,400,500
4.0,29.84,4100,122497.0,29.6,29.41,29.3,29.28,29.23,29.0,28.66,28.51,28.5,28.1,29.84,29.85,29.87,29.88,29.9,29.98,29.99,30.06,30.09,30.1,100,200,800,200,500,300,1000,100,700,300,2000,1100,1500,2200,1000,1500,4300,500,100,400
5.0,29.6,4300,128417.0,29.41,29.3,29.28,29.23,29.0,28.66,28.51,28.5,28.1,28.09,29.6,29.84,29.85,29.87,29.88,29.9,29.98,29.99,30.06,30.09,200,800,200,500,300,1000,100,700,300,100,1700,3200,1800,1700,2200,1000,1500,4300,500,100
6.0,29.6,4700,140257.0,29.41,29.3,29.28,29.23,29.18,29.0,28.66,28.51,28.5,28.1,29.6,29.83,29.84,29.85,29.87,29.88,29.9,29.98,29.99,30.06,200,800,200,500,500,300,1000,100,700,300,1300,200,12400,2000,900,2200,1000,1500,4300,500
7.0,29.6,4700,140257.0,29.41,29.3,29.28,29.23,29.18,29.0,28.66,28.51,28.5,28.1,29.6,29.83,29.84,29.85,29.87,29.88,29.9,29.98,29.99,30.06,200,800,200,500,500,300,1000,100,700,300,1300,200,15900,2200,900,2200,1000,1500,4600,500
8.0,29.6,4700,140257.0,29.5,29.41,29.3,29.28,29.23,29.18,29.0,28.66,28.51,28.5,29.6,29.82,29.83,29.84,29.85,29.87,29.88,29.9,29.98,29.99,100,200,800,700,500,500,300,1000,100,700,1300,200,200,16100,2200,900,2200,1000,1500,4600
9.0,29.6,4700,140257.0,29.5,29.41,29.3,29.28,29.23,29.18,29.0,28.66,28.51,28.5,29.6,29.82,29.83,29.84,29.85,29.87,29.88,29.9,29.98,29.99,100,200,800,700,500,500,500,3500,100,700,1300,200,200,16900,2200,900,2200,1000,1500,4600
10.0,29.6,5400,160967.0,29.41,29.3,29.28,29.23,29.18,29.0,28.66,28.52,28.51,28.5,29.6,29.82,29.84,29.85,29.87,29.88,29.9,29.98,29.99,30.06,200,800,700,500,500,500,3500,5300,100,700,700,200,5300,1600,900,2200,1000,1500,4600,500
11.0,29.5,5600,166867.0,29.5,29.41,29.3,29.28,29.23,29.18,29.0,28.66,28.52,28.51,29.6,29.82,29.84,29.85,29.87,29.88,29.9,29.98,29.99,30.06,600,200,800,700,500,500,500,3500,5300,100,700,200,4600,1600,900,2200,1000,1500,4600,500
12.0,29.5,5600,166867.0,29.5,29.41,29.3,29.28,29.23,29.18,29.0,28.66,28.52,28.51,29.6,29.82,29.84,29.85,29.87,29.88,29.9,29.98,29.99,30.06,700,200,800,700,500,500,500,3500,5300,100,700,200,3900,1600,900,2200,1000,1500,4600,500
13.0,29.6,6300,187587.0,29.6,29.51,29.5,29.41,29.3,29.28,29.23,29.18,29.0,28.66,29.82,29.84,29.85,29.87,29.88,29.9,29.98,29.99,30.06,30.09,700,100,700,200,800,700,500,500,500,3500,200,3700,1600,900,2200,1000,1500,4600,500,100
14.0,29.6,7200,214227.0,29.52,29.51,29.5,29.41,29.3,29.28,29.23,29.18,29.0,28.66,29.81,29.82,29.84,29.85,29.87,29.88,29.9,29.98,29.99,30.06,100,100,500,200,800,700,500,500,500,3500,300,200,3700,1600,900,2200,1000,1500,4600,500
15.0,29.6,7200,214227.0,29.52,29.51,29.5,29.41,29.3,29.28,29.23,29.18,29.0,28.66,29.6,29.81,29.82,29.84,29.85,29.87,29.88,29.9,29.98,29.99,100,100,500,200,800,700,500,500,500,3500,3500,300,200,3700,1600,900,2200,1000,1500,4600
16.0,29.6,7200,214227.0,29.52,29.51,29.5,29.41,29.3,29.28,29.23,29.18,29.0,28.66,29.6,29.81,29.82,29.84,29.85,29.87,29.88,29.9,29.98,29.99,100,100,500,200,800,700,500,500,500,3500,3500,300,200,3700,1600,900,2200,1000,1500,4600
17.0,29.6,7200,214227.0,29.52,29.51,29.5,29.41,29.3,29.28,29.23,29.18,29.0,28.66,29.6,29.81,29.82,29.84,29.85,29.87,29.88,29.9,29.98,29.99,100,100,500,200,800,700,500,500,500,3500,3500,300,200,3700,1600,900,2200,1000,1500,4600
18.0,29.6,7200,214227.0,29.52,29.51,29.5,29.41,29.3,29.28,29.23,29.18,29.0,28.66,29.6,29.81,29.82,29.83,29.84,29.85,29.87,29.88,29.9,29.98,100,100,500,200,800,700,500,500,500,3500,3500,300,200,1700,3700,1600,900,2200,1000,1500
19.0,29.6,7200,214227.0,29.52,29.51,29.5,29.41,29.3,29.28,29.23,29.18,29.0,28.66,29.6,29.81,29.82,29.83,29.84,29.85,29.87,29.88,29.9,29.98,100,100,500,200,800,700,500,500,500,3500,600,300,200,1700,3600,1600,900,2200,1000,1500
20.0,29.6,7800,231987.0,29.63,29.62,29.52,29.51,29.5,29.41,29.3,29.28,29.23,29.18,29.81,29.82,29.83,29.84,29.85,29.87,29.88,29.9,29.98,29.99,400,200,100,100,500,200,800,700,500,500,300,200,1700,3600,1600,900,2200,1000,1500,4600
21.0,29.6,7800,231987.0,29.63,29.62,29.61,29.6,29.52,29.51,29.5,29.41,29.3,29.28,29.81,29.82,29.83,29.84,29.85,29.87,29.88,29.9,29.98,29.99,400,200,100,1000,100,100,500,200,800,700,300,200,1700,3600,1600,900,2200,1000,1500,4600
22.0,29.63,8200,243839.0,29.62,29.61,29.6,29.52,29.51,29.5,29.41,29.3,29.28,29.23,29.63,29.81,29.82,29.83,29.84,29.85,29.87,29.9,29.98,29.99,200,100,1000,100,100,500,200,800,700,500,400,300,200,1700,3600,1600,900,1000,1500,4600
23.0,29.62,8400,249763.0,29.61,29.6,29.52,29.51,29.5,29.41,29.3,29.28,29.23,29.18,29.62,29.63,29.81,29.82,29.83,29.84,29.85,29.87,29.9,29.98,100,1000,100,100,500,200,800,700,500,500,200,500,300,200,1700,3400,1600,900,1000,1500
24.0,29.62,8400,249763.0,29.61,29.6,29.52,29.51,29.5,29.41,29.3,29.28,29.23,29.18,29.62,29.63,29.81,29.82,29.83,29.84,29.85,29.87,29.9,29.98,100,1000,100,100,500,200,800,700,500,500,200,500,300,200,1700,3400,1600,900,1000,1500
25.0,29.62,8400,249763.0,29.61,29.6,29.52,29.51,29.5,29.41,29.3,29.28,29.23,29.18,29.62,29.63,29.81,29.82,29.83,29.84,29.85,29.87,29.9,29.98,100,1000,100,100,500,200,800,700,500,500,200,500,300,200,1700,3400,1600,900,1000,1500
26.0,29.61,8500,252724.0,29.6,29.52,29.51,29.5,29.41,29.3,29.28,29.23,29.18,29.0,29.61,29.62,29.81,29.82,29.83,29.84,29.85,29.87,29.9,29.98,1000,100,100,500,200,800,700,500,500,500,200,100,300,200,1700,3400,1600,900,1000,1500
27.0,29.61,8500,252724.0,29.6,29.52,29.51,29.5,29.41,29.3,29.28,29.23,29.18,29.0,29.61,29.62,29.81,29.82,29.83,29.84,29.85,29.87,29.9,29.98,1000,100,100,500,200,800,700,500,500,500,200,100,300,200,1700,3400,1600,900,1000,1500
28.0,29.6,9400,279364.0,29.61,29.6,29.51,29.5,29.41,29.3,29.28,29.23,29.18,29.0,29.81,29.82,29.83,29.84,29.85,29.87,29.9,29.98,29.99,30.06,100,100,100,500,200,800,700,500,500,500,300,200,1700,3400,1600,900,1000,1500,4600,500
29.0,29.61,9900,294168.0,29.52,29.51,29.5,29.41,29.3,29.28,29.23,29.18,29.0,28.66,29.81,29.82,29.83,29.84,29.85,29.87,29.9,29.98,29.99,30.06,100,100,500,200,800,700,500,500,500,3500,300,200,1700,3400,1600,900,1000,1500,4600,500
30.0,29.61,9900,294168.0,29.53,29.52,29.51,29.5,29.41,29.3,29.28,29.23,29.18,29.0,29.81,29.82,29.83,29.84,29.85,29.87,29.9,29.98,29.99,30.06,100,100,100,500,200,800,700,500,500,500,300,200,1700,3400,1600,900,1000,1500,4600,500
31.0,29.61,9900,294168.0,29.53,29.52,29.51,29.5,29.41,29.3,29.28,29.23,29.18,29.0,29.81,29.82,29.83,29.84,29.85,29.87,29.9,29.98,29.99,30.06,100,100,100,500,200,800,700,500,500,500,300,200,1700,3400,1600,900,1000,1500,4600,500
32.0,29.61,9900,294168.0,29.66,29.53,29.52,29.51,29.5,29.41,29.3,29.28,29.23,29.18,29.81,29.82,29.83,29.84,29.85,29.87,29.9,29.98,29.99,30.06,100,200,100,100,500,200,800,700,500,500,300,200,1700,3400,1600,900,1000,1500,4600,500
33.0,29.61,9900,294168.0,29.66,29.53,29.52,29.51,29.5,29.41,29.3,29.28,29.23,29.18,29.81,29.82,29.83,29.84,29.85,29.87,29.9,29.98,29.99,30.06,100,200,100,100,500,200,800,700,500,500,300,200,1700,3400,1600,900,1000,1500,4600,500
34.0,29.61,9900,294168.0,29.66,29.53,29.52,29.51,29.5,29.41,29.3,29.28,29.23,29.18,29.81,29.82,29.83,29.84,29.85,29.87,29.9,29.98,29.99,30.06,100,200,100,100,500,200,800,700,500,500,300,200,1700,3400,1600,900,1000,1500,4600,500
35.0,29.53,10200,303040.0,29.52,29.51,29.5,29.41,29.3,29.28,29.23,29.18,29.0,28.66,29.66,29.78,29.81,29.82,29.83,29.84,29.85,29.87,29.9,29.98,100,100,500,200,800,700,500,500,500,3500,800,6200,300,200,1700,2300,1300,900,1000,1500
36.0,29.53,10200,303040.0,29.52,29.51,29.5,29.41,29.3,29.28,29.23,29.18,29.0,28.66,29.66,29.78,29.8,29.81,29.82,29.83,29.84,29.85,29.87,29.9,100,100,500,200,800,700,500,500,500,3500,800,6200,400,300,200,1700,2300,1300,900,1000
37.0,29.53,10200,303040.0,29.52,29.51,29.5,29.41,29.3,29.28,29.23,29.18,29.0,28.66,29.66,29.8,29.81,29.82,29.83,29.84,29.85,29.87,29.9,29.98,100,100,500,200,800,700,500,500,500,3500,1100,400,300,200,1700,2300,1300,900,1000,1500
38.0,29.66,10300,306006.0,29.52,29.51,29.5,29.41,29.3,29.28,29.23,29.18,29.0,28.66,29.66,29.8,29.81,29.82,29.83,29.84,29.85,29.87,29.9,29.98,100,100,500,200,800,700,500,500,500,3500,1000,400,300,200,1700,2300,1300,900,1000,1500
39.0,29.66,10300,306006.0,29.52,29.51,29.5,29.41,29.3,29.28,29.23,29.18,29.0,28.66,29.66,29.8,29.81,29.82,29.83,29.84,29.85,29.87,29.9,29.98,100,100,500,200,800,700,500,500,500,3500,1000,400,6600,200,1700,2300,1300,900,1000,1500
40.0,29.66,10400,308972.0,29.52,29.51,29.5,29.41,29.3,29.28,29.23,29.18,29.0,28.66,29.66,29.8,29.81,29.82,29.83,29.84,29.85,29.87,29.9,29.98,100,100,500,200,800,700,500,500,500,3500,900,400,6600,200,1700,2300,1300,900,1000,1500
41.0,29.52,10500,311924.0,29.51,29.5,29.41,29.3,29.28,29.23,29.18,29.0,28.66,28.52,29.66,29.8,29.81,29.82,29.83,29.84,29.85,29.87,29.9,29.98,100,500,200,800,700,500,500,500,3500,5300,900,400,6600,200,1700,2300,1300,900,1000,1500
42.0,29.52,10500,311924.0,29.52,29.51,29.5,29.41,29.3,29.28,29.23,29.18,29.0,28.66,29.66,29.8,29.81,29.82,29.83,29.84,29.85,29.87,29.9,29.98,200,100,500,200,800,700,500,500,500,3500,900,400,6600,200,1700,2300,1300,900,1000,1500
43.0,29.52,10500,311924.0,29.52,29.51,29.5,29.41,29.3,29.28,29.23,29.18,29.0,28.66,29.66,29.8,29.81,29.82,29.83,29.84,29.85,29.87,29.9,29.98,200,100,500,200,800,700,500,500,500,3500,600,400,6600,200,1700,2300,1300,900,1000,1500
44.0,29.53,11300,335548.0,29.52,29.51,29.5,29.41,29.3,29.28,29.23,29.18,29.0,28.66,29.53,29.66,29.8,29.81,29.82,29.83,29.84,29.85,29.87,29.9,200,100,500,200,800,700,500,500,500,3500,200,600,100,6600,200,1700,2300,1300,900,1000
45.0,29.53,11500,341454.0,29.54,29.52,29.51,29.5,29.41,29.3,29.28,29.23,29.18,29.0,29.66,29.81,29.82,29.84,29.85,29.87,29.9,29.98,29.99,30.06,200,200,100,500,200,800,700,500,500,500,600,6600,200,2300,1300,900,1000,1500,4300,500
46.0,29.53,11500,341454.0,29.55,29.54,29.53,29.52,29.51,29.5,29.41,29.3,29.28,29.23,29.66,29.81,29.82,29.84,29.85,29.87,29.9,29.98,29.99,30.06,100,200,50000,200,100,500,200,800,700,500,600,300,200,2100,1300,900,1000,1500,4300,500
47.0,29.53,11500,341454.0,29.55,29.54,29.53,29.52,29.51,29.5,29.41,29.3,29.28,29.23,29.66,29.78,29.81,29.82,29.84,29.85,29.87,29.9,29.98,29.99,100,200,50000,200,100,500,200,800,700,500,600,6300,300,200,2000,1300,900,1000,1500,4300
48.0,29.53,11500,341454.0,29.55,29.53,29.52,29.51,29.5,29.41,29.3,29.28,29.23,29.2,29.66,29.81,29.82,29.84,29.85,29.87,29.9,29.98,29.99,30.06,100,50000,200,100,500,200,800,700,500,500,600,300,200,2000,1300,900,1000,1500,4300,500
49.0,29.53,11500,341454.0,29.55,29.53,29.52,29.5,29.41,29.3,29.28,29.23,29.2,29.18,29.66,29.81,29.82,29.84,29.85,29.87,29.9,29.98,29.99,30.06,100,50000,200,500,200,800,700,500,500,500,600,300,200,2000,1300,900,1000,1500,4300,500
50.0,29.53,11500,341454.0,29.57,29.56,29.55,29.53,29.52,29.5,29.41,29.3,29.28,29.23,29.66,29.78,29.81,29.82,29.84,29.85,29.87,29.9,29.98,29.99,100,2100,100,50000,200,500,200,800,700,500,600,6300,300,200,2000,1300,900,1000,1500,4300
51.0,29.66,12100,359250.0,29.66,29.57,29.56,29.55,29.53,29.52,29.5,29.41,29.3,29.28,29.8,29.81,29.82,29.84,29.85,29.87,29.9,29.98,29.99,30.06,300,100,2100,100,50000,200,500,200,800,700,700,300,200,2000,1300,900,1000,1500,4300,500
52.0,29.66,12100,359250.0,29.67,29.66,29.57,29.56,29.55,29.53,29.52,29.5,29.41,29.3,29.8,29.81,29.82,29.84,29.85,29.87,29.9,29.98,29.99,30.06,200,300,100,2100,100,50000,200,500,200,800,700,300,200,2000,1300,900,1000,1500,4300,500
53.0,29.67,12200,362217.0,29.67,29.66,29.57,29.56,29.55,29.53,29.52,29.5,29.41,29.3,29.8,29.81,29.82,29.84,29.85,29.87,29.9,29.98,29.99,30.06,600,200,100,2100,100,50000,200,500,200,800,700,300,200,1800,1300,900,1000,1500,4300,500
54.0,29.67,12200,362217.0,29.67,29.66,29.57,29.56,29.55,29.53,29.52,29.5,29.41,29.3,29.8,29.81,29.82,29.84,29.85,29.87,29.9,29.98,29.99,30.06,600,200,100,2100,100,50000,200,500,200,800,700,300,200,1800,1300,900,1000,1500,4300,500
55.0,29.67,12200,362217.0,29.67,29.66,29.57,29.56,29.55,29.53,29.52,29.5,29.41,29.3,29.8,29.81,29.82,29.84,29.85,29.87,29.9,29.98,29.99,30.06,600,200,100,2100,100,50000,200,500,200,800,700,300,200,1800,1300,900,1000,1500,4300,500
56.0,29.67,12200,362217.0,29.67,29.66,29.57,29.56,29.55,29.53,29.52,29.5,29.41,29.3,29.8,29.81,29.82,29.84,29.85,29.87,29.9,29.98,29.99,30.06,1100,200,100,2100,100,50000,200,500,200,800,700,300,200,1700,1300,900,1000,1500,4300,500
57.0,29.67,12200,362217.0,29.67,29.66,29.57,29.56,29.55,29.53,29.52,29.5,29.41,29.3,29.8,29.81,29.82,29.84,29.85,29.87,29.9,29.98,29.99,30.06,1100,200,100,2100,100,50000,200,500,200,800,700,300,200,1700,1300,900,1000,1500,4300,500
58.0,29.67,12300,365184.0,29.67,29.66,29.57,29.56,29.55,29.53,29.52,29.5,29.41,29.3,29.8,29.81,29.82,29.84,29.85,29.87,29.88,29.9,29.98,29.99,1200,200,100,2100,100,50000,200,500,200,800,700,300,200,1700,1200,900,100,1000,1500,4300
59.0,29.67,12300,365184.0,29.67,29.66,29.57,29.56,29.55,29.53,29.52,29.5,29.41,29.3,29.8,29.81,29.82,29.84,29.85,29.87,29.88,29.9,29.98,29.99,1200,200,100,2100,100,50000,200,500,200,800,700,300,200,1600,1200,900,100,1000,1500,4300
60.0,29.67,12300,365184.0,29.67,29.66,29.57,29.56,29.55,29.53,29.52,29.5,29.41,29.3,29.8,29.81,29.82,29.84,29.85,29.87,29.88,29.9,29.98,29.99,1200,200,100,2100,100,50000,200,500,200,800,700,300,200,1600,1200,900,100,1000,1500,4300
61.0,29.67,12300,365184.0,29.67,29.66,29.57,29.56,29.55,29.53,29.52,29.5,29.41,29.3,29.8,29.81,29.82,29.84,29.85,29.87,29.88,29.9,29.98,29.99,1200,200,100,2100,100,50000,200,500,200,800,700,300,200,1600,1200,900,100,1000,1500,4300
62.0,29.67,12300,365184.0,29.67,29.66,29.57,29.56,29.55,29.53,29.52,29.5,29.41,29.3,29.77,29.78,29.8,29.81,29.82,29.84,29.85,29.87,29.88,29.9,1200,200,100,2100,100,50000,200,500,200,800,700,1100,700,300,200,1500,1200,900,100,1000
63.0,29.67,12300,365184.0,29.67,29.66,29.57,29.56,29.55,29.53,29.52,29.5,29.41,29.3,29.77,29.8,29.81,29.82,29.84,29.85,29.87,29.88,29.9,29.98,1200,200,100,2100,100,50000,200,500,200,800,700,700,300,200,1500,1200,900,100,1000,1500
64.0,29.67,12300,365184.0,29.67,29.66,29.57,29.56,29.55,29.53,29.52,29.5,29.41,29.3,29.77,29.8,29.81,29.82,29.84,29.85,29.87,29.88,29.9,29.98,1200,200,100,2100,100,50000,200,500,200,800,700,700,300,200,1500,1200,900,100,1000,1500
65.0,29.67,12300,365184.0,29.68,29.67,29.66,29.57,29.56,29.55,29.53,29.52,29.5,29.41,29.81,29.82,29.84,29.85,29.87,29.88,29.9,29.98,29.99,30.06,400,2000,200,100,2100,100,50000,200,500,200,300,200,1300,1200,900,100,1000,1500,4300,500
66.0,29.67,12300,365184.0,29.7,29.69,29.67,29.66,29.57,29.56,29.55,29.53,29.52,29.5,29.82,29.84,29.85,29.87,29.88,29.9,29.98,29.99,30.06,30.09,700,700,2000,200,100,2100,100,50000,200,1300,200,1300,1200,900,100,1000,1500,4300,500,100
67.0,29.67,12300,365184.0,29.7,29.69,29.67,29.66,29.57,29.56,29.55,29.53,29.52,29.5,29.82,29.84,29.85,29.87,29.88,29.9,29.98,29.99,30.06,30.09,700,700,2000,200,100,2100,100,50000,200,1300,200,1300,1200,900,100,1000,1500,4300,500,100
68.0,29.7,12500,371124.0,29.72,29.71,29.67,29.66,29.57,29.56,29.55,29.53,29.52,29.5,29.82,29.84,29.85,29.87,29.88,29.9,29.98,29.99,30.06,30.09,700,1200,2000,200,100,2100,100,50000,200,1300,200,1100,1200,900,100,1000,1500,4300,500,100
69.0,29.7,12500,371124.0,29.72,29.71,29.67,29.66,29.57,29.56,29.55,29.53,29.52,29.5,29.82,29.84,29.85,29.87,29.88,29.9,29.98,29.99,30.06,30.09,700,1200,2000,200,100,2100,100,50000,200,1300,200,1100,1200,900,100,1000,1500,4300,500,100
70.0,29.7,12500,371124.0,29.72,29.71,29.67,29.66,29.57,29.56,29.55,29.53,29.52,29.5,29.82,29.84,29.85,29.87,29.88,29.9,29.98,29.99,30.06,30.09,700,1200,2000,200,100,2100,100,50000,200,1300,200,1100,1200,900,100,1000,1500,4300,500,100
71.0,29.7,12500,371124.0,29.74,29.73,29.72,29.71,29.67,29.66,29.57,29.56,29.55,29.53,29.82,29.84,29.85,29.87,29.88,29.9,29.98,29.99,30.06,30.09,800,700,900,100,2000,200,100,2100,100,50000,200,700,1200,900,100,1000,1500,4300,500,100
72.0,29.7,12500,371124.0,29.74,29.73,29.72,29.71,29.67,29.66,29.57,29.56,29.55,29.53,29.82,29.84,29.85,29.87,29.88,29.9,29.98,29.99,30.06,30.09,800,700,900,100,2000,200,100,2100,100,50000,200,700,1200,900,100,1000,1500,4300,500,100
73.0,29.7,12500,371124.0,29.74,29.73,29.72,29.71,29.67,29.66,29.57,29.56,29.55,29.53,29.82,29.84,29.85,29.87,29.88,29.9,29.98,29.99,30.06,30.09,800,700,900,100,2000,200,100,2100,100,50000,200,700,1200,900,100,1000,1500,4300,500,100
74.0,29.84,14400,427821.0,29.82,29.76,29.75,29.74,29.72,29.71,29.67,29.66,29.57,29.56,29.85,29.87,29.88,29.9,29.98,29.99,30.06,30.09,30.15,30.18,100,400,700,1000,900,100,1900,200,100,2100,700,200,100,1000,1500,4300,500,100,500,300
75.0,29.84,14400,427821.0,29.82,29.74,29.72,29.71,29.67,29.66,29.6,29.57,29.56,29.55,29.85,29.87,29.88,29.9,29.98,29.99,30.06,30.09,30.15,30.18,100,1000,900,100,1100,200,500,100,2100,100,700,200,100,1000,1500,4300,500,100,500,300
76.0,29.85,14500,430806.0,29.82,29.74,29.72,29.71,29.67,29.66,29.6,29.57,29.56,29.55,29.85,29.87,29.88,29.9,29.98,29.99,30.06,30.09,30.15,30.18,100,1000,900,100,1100,200,500,100,2100,100,600,200,100,1000,1500,4300,500,100,500,300
77.0,29.85,14600,433791.0,29.82,29.74,29.72,29.71,29.67,29.66,29.6,29.57,29.56,29.55,29.85,29.87,29.88,29.9,29.98,29.99,30.06,30.09,30.15,30.18,900,1000,900,100,1100,200,500,100,2100,100,500,200,100,1000,1500,4300,500,100,500,300
78.0,29.85,14600,433791.0,29.82,29.74,29.72,29.71,29.67,29.66,29.6,29.57,29.56,29.55,29.85,29.87,29.88,29.9,29.98,29.99,30.06,30.09,30.15,30.18,900,1000,900,100,1100,200,500,100,2100,100,500,200,100,1000,1500,4300,500,100,500,300
79.0,29.85,14600,433791.0,29.83,29.82,29.74,29.72,29.67,29.66,29.6,29.57,29.56,29.55,29.84,29.85,29.88,29.9,29.95,29.98,29.99,30.06,30.09,30.15,200,900,1000,900,1100,200,500,100,2100,100,800,500,100,1000,1500,1500,4300,500,100,500
80.0,29.84,15000,445727.0,29.83,29.82,29.74,29.72,29.66,29.6,29.57,29.56,29.55,29.53,29.84,29.85,29.88,29.9,29.95,29.98,29.99,30.06,30.09,30.15,1600,800,1000,700,200,500,100,2100,100,50000,400,500,100,1000,1500,1500,4300,500,100,500
81.0,29.84,15000,445727.0,29.83,29.82,29.74,29.72,29.66,29.6,29.57,29.56,29.55,29.53,29.84,29.85,29.88,29.9,29.95,29.98,29.99,30.06,30.09,30.15,1600,800,1000,700,200,500,100,2100,100,50000,400,500,100,1000,1500,1500,4300,500,100,500
82.0,29.84,15000,445727.0,29.83,29.82,29.74,29.72,29.66,29.6,29.57,29.56,29.55,29.53,29.84,29.85,29.88,29.9,29.95,29.98,29.99,30.06,30.09,30.15,1600,800,1000,700,200,500,100,2100,100,50000,400,500,100,1000,1500,1500,4300,500,100,500
83.0,29.84,15000,445727.0,29.83,29.82,29.74,29.72,29.66,29.6,29.57,29.56,29.55,29.53,29.84,29.85,29.88,29.9,29.95,29.98,29.99,30.06,30.09,30.15,1600,800,1000,700,200,500,100,2100,100,50000,400,500,100,1000,1500,1500,4300,500,100,500
84.0,29.84,15000,445727.0,29.83,29.82,29.74,29.72,29.66,29.6,29.57,29.56,29.55,29.53,29.84,29.85,29.88,29.9,29.95,29.98,29.99,30.06,30.09,30.15,1600,800,1000,700,200,500,100,2100,100,50000,400,500,100,1000,1500,1500,4300,500,100,500
85.0,29.84,15000,445727.0,29.83,29.82,29.74,29.72,29.66,29.6,29.57,29.56,29.55,29.53,29.84,29.85,29.88,29.9,29.95,29.98,29.99,30.06,30.09,30.15,1600,800,1000,700,200,500,100,2100,100,50000,400,500,100,1000,1500,1500,4300,500,100,500
86.0,29.84,15000,445727.0,29.83,29.82,29.74,29.72,29.66,29.6,29.57,29.56,29.55,29.53,29.84,29.85,29.88,29.9,29.95,29.98,29.99,30.06,30.09,30.15,1600,800,1000,700,200,500,100,2100,100,50000,400,500,100,1000,1500,1500,4300,500,100,500
87.0,29.83,15300,454676.0,29.83,29.82,29.74,29.72,29.66,29.6,29.57,29.56,29.55,29.53,29.84,29.85,29.88,29.9,29.95,29.98,29.99,30.06,30.09,30.15,1300,800,1000,700,200,500,100,2100,100,50000,400,500,100,1000,1500,1500,4300,500,100,500
88.0,29.82,17400,517314.0,29.82,29.74,29.72,29.66,29.6,29.57,29.56,29.55,29.53,29.5,29.84,29.85,29.88,29.9,29.95,29.98,29.99,30.06,30.09,30.15,300,900,700,200,500,100,2100,100,50000,500,400,500,100,1000,1500,1500,4300,500,100,500
89.0,29.82,17600,523278.0,29.82,29.74,29.72,29.66,29.6,29.57,29.56,29.55,29.53,29.5,29.84,29.85,29.9,29.95,29.98,29.99,30.06,30.09,30.15,30.18,100,900,700,200,500,100,2100,100,50000,500,400,500,1000,1500,1500,4300,500,100,500,300
90.0,29.82,17600,523278.0,29.83,29.82,29.74,29.72,29.66,29.6,29.57,29.56,29.55,29.54,29.84,29.85,29.9,29.95,29.98,29.99,30.06,30.09,30.15,30.18,100,100,900,700,200,500,100,2100,100,1100,400,500,1000,1500,1500,4300,500,100,500,300
91.0,29.82,17600,523278.0,29.83,29.82,29.74,29.72,29.66,29.6,29.57,29.56,29.55,29.54,29.84,29.85,29.9,29.95,29.98,29.99,30.06,30.09,30.15,30.18,100,100,900,700,200,500,100,2100,100,1100,400,500,1000,1500,1500,4300,500,100,500,300
92.0,29.83,17800,529244.0,29.82,29.74,29.72,29.66,29.57,29.56,29.55,29.54,29.53,29.5,29.84,29.85,29.9,29.95,29.98,29.99,30.06,30.09,30.15,30.18,100,900,700,200,100,2100,100,1100,50000,500,400,500,1000,1500,1500,4300,500,100,500,300
93.0,29.83,17800,529244.0,29.82,29.74,29.72,29.66,29.57,29.56,29.55,29.54,29.53,29.5,29.84,29.85,29.9,29.95,29.98,29.99,30.06,30.09,30.15,30.18,100,900,700,200,100,2100,100,1100,50000,500,400,500,1000,1500,1500,4300,500,100,500,300
94.0,29.83,17800,529244.0,29.82,29.74,29.72,29.66,29.57,29.56,29.55,29.54,29.53,29.5,29.84,29.85,29.9,29.95,29.98,29.99,30.06,30.09,30.15,30.18,100,900,700,200,100,2100,100,1100,50000,500,400,500,1000,1500,1500,4300,500,100,500,300
95.0,29.83,17800,529244.0,29.82,29.74,29.72,29.66,29.57,29.56,29.55,29.54,29.53,29.5,29.84,29.85,29.9,29.95,29.98,29.99,30.06,30.09,30.15,30.18,100,900,700,200,100,2100,100,1100,50000,500,400,500,1000,1500,1500,4300,500,100,500,300
96.0,29.83,17800,529244.0,29.82,29.74,29.72,29.66,29.57,29.56,29.55,29.54,29.53,29.5,29.84,29.85,29.9,29.95,29.98,29.99,30.06,30.09,30.15,30.18,100,900,700,200,100,2100,100,1100,50000,500,400,500,1000,1500,1500,4300,500,100,500,300
97.0,29.82,17900,532226.0,29.74,29.72,29.66,29.57,29.56,29.55,29.54,29.53,29.5,29.41,29.82,29.84,29.85,29.9,29.95,29.98,29.99,30.06,30.09,30.15,900,700,200,100,2100,100,1100,50000,500,200,300,400,500,1000,1500,1500,4300,500,100,500
98.0,29.82,17900,532226.0,29.74,29.72,29.66,29.57,29.56,29.55,29.54,29.53,29.5,29.41,29.82,29.84,29.85,29.9,29.95,29.98,29.99,30.06,30.09,30.15,1100,700,200,100,2100,100,1100,50000,500,200,300,400,500,1000,1500,1500,4300,500,100,500
99.0,29.82,17900,532226.0,29.74,29.72,29.66,29.57,29.56,29.55,29.54,29.53,29.5,29.41,29.82,29.84,29.85,29.9,29.95,29.98,29.99,30.06,30.09,30.15,1100,700,200,100,2100,100,1100,50000,500,200,300,400,500,1000,1500,1500,4300,500,100,500
100.0,29.82,17900,532226.0,29.74,29.72,29.66,29.57,29.56,29.55,29.54,29.53,29.5,29.41,29.82,29.84,29.85,29.9,29.95,29.98,29.99,30.06,30.09,30.15,1100,700,200,100,2100,100,1100,50000,500,200,300,400,500,1000,1500,1500,4300,500,100,500
101.0,29.74,18000,535200.0,29.75,29.74,29.72,29.66,29.57,29.56,29.55,29.54,29.53,29.5,29.82,29.84,29.85,29.9,29.95,29.98,29.99,30.06,30.09,30.15,400,1000,700,200,100,2100,100,1100,50000,500,300,400,500,1000,1500,1500,4300,500,100,500
102.0,29.74,18000,535200.0,29.76,29.75,29.74,29.72,29.66,29.57,29.56,29.55,29.54,29.53,29.82,29.84,29.85,29.9,29.95,29.98,29.99,30.06,30.09,30.15,300,400,1000,700,200,100,2100,100,1100,50000,300,400,500,1000,1500,1500,4300,500,100,500
103.0,29.74,18000,535200.0,29.81,29.76,29.75,29.74,29.72,29.7,29.66,29.57,29.56,29.55,29.82,29.84,29.85,29.9,29.95,29.98,29.99,30.06,30.09,30.15,600,300,400,1000,700,500,200,100,2100,100,300,400,500,1000,1500,1500,4300,500,100,500
104.0,29.74,18000,535200.0,29.81,29.76,29.75,29.74,29.72,29.7,29.66,29.57,29.56,29.55,29.82,29.84,29.85,29.9,29.95,29.98,29.99,30.06,30.09,30.15,700,300,400,900,100,500,200,100,2100,100,600,400,700,1000,1500,1500,4300,500,100,500
105.0,29.74,18000,535200.0,29.81,29.8,29.76,29.75,29.74,29.72,29.7,29.66,29.57,29.56,29.82,29.84,29.85,29.9,29.95,29.98,29.99,30.06,30.09,30.15,700,100,300,400,900,100,500,200,100,2100,600,400,700,1000,1500,1600,4300,500,100,500
106.0,29.74,18000,535200.0,29.81,29.8,29.76,29.75,29.74,29.72,29.7,29.66,29.57,29.56,29.82,29.84,29.85,29.9,29.95,29.98,29.99,30.06,30.09,30.15,700,100,300,400,900,100,500,200,100,2100,600,400,700,1000,1500,1600,4300,500,100,500
107.0,29.74,18000,535200.0,29.81,29.8,29.76,29.75,29.74,29.7,29.66,29.57,29.56,29.55,29.82,29.84,29.85,29.9,29.95,29.98,29.99,30.06,30.09,30.15,700,100,300,400,800,500,200,100,2100,100,600,400,700,1000,1500,1600,4300,500,100,500
108.0,29.74,18000,535200.0,29.81,29.8,29.76,29.75,29.74,29.7,29.66,29.57,29.56,29.55,29.82,29.84,29.85,29.9,29.95,29.98,29.99,30.06,30.09,30.15,700,100,300,400,800,500,200,100,2100,100,600,400,700,1000,1500,1600,4300,500,100,500
109.0,29.74,18000,535200.0,29.81,29.8,29.76,29.75,29.74,29.7,29.66,29.57,29.56,29.55,29.82,29.84,29.85,29.9,29.95,29.98,29.99,30.06,30.09,30.15,700,100,300,400,800,500,200,100,2100,100,600,400,700,1000,1500,1600,4300,500,100,500
110.0,29.82,18100,538182.0,29.81,29.8,29.76,29.75,29.74,29.7,29.66,29.57,29.56,29.55,29.82,29.84,29.85,29.9,29.95,29.98,29.99,30.06,30.09,30.15,700,100,300,400,800,500,200,100,2100,100,500,400,700,1000,1500,1600,4300,500,100,500
111.0,29.82,18100,538182.0,29.81,29.8,29.76,29.75,29.74,29.7,29.66,29.57,29.56,29.55,29.82,29.84,29.85,29.9,29.95,29.98,29.99,30.06,30.09,30.15,700,100,300,400,800,500,200,100,2100,100,500,400,700,1000,1500,1600,4300,500,100,500
112.0,29.81,18200,541163.0,29.81,29.8,29.76,29.75,29.74,29.7,29.66,29.57,29.56,29.55,29.82,29.84,29.85,29.9,29.95,29.98,29.99,30.06,30.09,30.15,900,100,300,400,700,500,200,100,2100,100,500,400,700,1000,1500,1600,4300,500,100,500
113.0,29.81,18200,541163.0,29.81,29.8,29.76,29.75,29.74,29.7,29.66,29.57,29.56,29.55,29.82,29.84,29.85,29.9,29.95,29.98,29.99,30.06,30.09,30.15,1500,100,300,400,300,500,200,100,2100,100,500,400,700,1000,1500,1600,4300,500,100,500
114.0,29.8,19800,588858.0,29.76,29.75,29.74,29.7,29.66,29.57,29.56,29.55,29.54,29.53,29.8,29.82,29.84,29.85,29.9,29.95,29.98,29.99,30.06,30.09,300,400,300,500,200,100,2100,100,1100,50000,100,600,400,16900,1000,1500,1600,4300,500,100
115.0,29.81,20200,600781.0,29.76,29.75,29.74,29.7,29.66,29.57,29.56,29.55,29.54,29.53,29.82,29.84,29.85,29.9,29.95,29.98,29.99,30.06,30.09,30.15,300,400,300,500,200,100,2100,100,1100,50000,600,400,16900,1000,1500,1600,4300,500,100,500
116.0,29.81,20200,600781.0,29.81,29.76,29.75,29.7,29.66,29.57,29.56,29.55,29.54,29.53,29.82,29.84,29.85,29.9,29.95,29.98,29.99,30.06,30.09,30.15,1000,300,400,500,200,100,2100,100,1100,50000,600,400,16900,1000,1500,1600,4300,500,100,500
117.0,29.81,21200,630591.0,29.78,29.77,29.7,29.66,29.57,29.56,29.55,29.54,29.53,29.5,29.79,29.82,29.84,29.85,29.9,29.95,29.98,29.99,30.06,30.09,300,400,500,200,100,2100,100,1100,50000,500,200,600,400,16900,1000,1500,1600,4300,500,100
118.0,29.81,21200,630591.0,29.78,29.77,29.7,29.66,29.57,29.56,29.55,29.54,29.53,29.5,29.79,29.82,29.84,29.85,29.9,29.95,29.98,29.99,30.0,30.06,300,400,500,200,100,2100,100,1100,50000,500,200,600,400,16900,1000,1500,1600,4300,900,500
119.0,29.78,21300,633569.0,29.78,29.77,29.7,29.66,29.57,29.56,29.55,29.54,29.53,29.5,29.79,29.82,29.84,29.85,29.9,29.95,29.98,29.99,30.0,30.06,200,400,500,200,100,2100,100,1100,50000,500,200,600,400,16900,1000,1500,1600,4300,900,500
120.0,29.78,21300,633569.0,29.78,29.77,29.7,29.66,29.57,29.56,29.55,29.54,29.53,29.5,29.79,29.82,29.84,29.85,29.9,29.95,29.98,29.99,30.0,30.06,200,400,500,200,100,2100,100,1100,50000,500,200,900,400,16900,1000,1500,1600,4300,900,500
121.0,29.78,21300,633569.0,29.78,29.77,29.7,29.66,29.57,29.56,29.55,29.54,29.53,29.5,29.79,29.82,29.84,29.85,29.9,29.95,29.98,29.99,30.0,30.06,200,400,500,200,100,2100,100,1100,50000,500,200,900,400,16900,1000,1500,1600,4300,900,500
122.0,29.78,21400,636547.0,29.78,29.77,29.7,29.66,29.57,29.56,29.55,29.54,29.53,29.5,29.79,29.82,29.84,29.85,29.9,29.95,29.98,29.99,30.0,30.06,100,400,500,200,100,2100,100,1100,50000,500,200,900,400,16900,1000,1500,1600,4300,900,500
123.0,29.78,21400,636547.0,29.78,29.77,29.7,29.66,29.57,29.56,29.55,29.54,29.53,29.5,29.79,29.82,29.84,29.85,29.9,29.95,29.98,29.99,30.0,30.06,100,400,500,200,100,2100,100,1100,50000,500,200,900,400,16900,1000,1500,1600,4300,900,500
124.0,29.7,21700,645465.0,29.7,29.66,29.57,29.56,29.55,29.54,29.53,29.5,29.41,29.3,29.78,29.79,29.8,29.81,29.82,29.84,29.85,29.9,29.95,29.98,300,200,100,2100,100,1100,50000,500,200,800,1200,200,700,1100,900,400,16900,1000,1500,1600
125.0,29.7,21800,648435.0,29.7,29.66,29.57,29.56,29.55,29.54,29.53,29.5,29.41,29.3,29.77,29.78,29.79,29.82,29.84,29.85,29.9,29.95,29.98,29.99,200,200,100,2100,100,1100,50000,500,200,800,100,1600,200,900,400,16900,1000,1500,1600,4300
126.0,29.7,21800,648435.0,29.7,29.66,29.57,29.56,29.55,29.54,29.53,29.5,29.41,29.3,29.77,29.78,29.79,29.82,29.84,29.85,29.9,29.95,29.98,29.99,200,200,100,2100,100,1100,50000,500,200,800,100,1600,200,900,400,16900,1000,1500,1600,4300
127.0,29.7,21800,648435.0,29.7,29.66,29.56,29.54,29.53,29.5,29.41,29.3,29.28,29.23,29.77,29.78,29.79,29.82,29.84,29.85,29.9,29.95,29.98,29.99,200,200,2000,1100,50000,500,200,800,700,500,100,1800,200,900,400,16900,1000,1500,1600,4300
128.0,29.7,21800,648435.0,29.7,29.66,29.56,29.54,29.53,29.5,29.41,29.3,29.28,29.23,29.76,29.77,29.78,29.79,29.81,29.82,29.84,29.85,29.9,29.95,200,200,2000,1100,50000,500,200,800,700,500,1800,100,1800,200,500,900,400,16900,1000,1500
129.0,29.7,21900,651405.0,29.7,29.66,29.56,29.54,29.53,29.5,29.41,29.3,29.28,29.23,29.75,29.76,29.77,29.78,29.79,29.81,29.82,29.84,29.85,29.9,100,200,2000,1100,50000,500,200,800,700,500,700,1800,100,1800,200,500,900,16600,16900,1000
130.0,29.7,22000,654375.0,29.66,29.56,29.54,29.53,29.5,29.41,29.3,29.28,29.23,29.18,29.69,29.73,29.74,29.77,29.78,29.79,29.81,29.82,29.84,29.85,200,2000,1100,50000,500,200,800,700,500,500,100,400,700,100,800,200,500,900,16600,16900
131.0,29.7,22000,654375.0,29.66,29.56,29.54,29.53,29.5,29.41,29.3,29.28,29.23,29.18,29.68,29.69,29.7,29.77,29.78,29.79,29.81,29.82,29.84,29.85,200,3200,1100,50000,500,200,800,700,500,500,1100,100,300,100,800,200,500,900,16600,16900
132.0,29.7,22000,654375.0,29.66,29.56,29.54,29.53,29.5,29.41,29.3,29.28,29.23,29.18,29.68,29.69,29.7,29.77,29.78,29.79,29.81,29.82,29.84,29.85,200,3200,1100,50000,500,200,800,700,500,500,1100,100,300,100,800,200,500,900,16600,16900
133.0,29.68,22200,660311.0,29.66,29.56,29.54,29.53,29.5,29.41,29.3,29.28,29.23,29.18,29.68,29.69,29.7,29.77,29.78,29.79,29.81,29.82,29.84,29.85,200,3200,1100,50000,500,200,800,700,500,500,900,100,900,100,400,200,500,900,16600,16900
134.0,29.68,22200,660311.0,29.66,29.56,29.54,29.53,29.5,29.41,29.3,29.28,29.23,29.18,29.68,29.69,29.7,29.77,29.78,29.79,29.81,29.82,29.84,29.85,200,3200,1100,50000,500,200,800,700,500,500,900,100,600,100,400,200,500,900,16600,16900
135.0,29.68,22200,660311.0,29.66,29.56,29.54,29.53,29.5,29.41,29.3,29.28,29.23,29.18,29.68,29.69,29.7,29.77,29.78,29.79,29.81,29.82,29.84,29.85,200,3200,1100,50000,500,200,800,700,500,500,900,100,600,100,400,200,500,900,16600,16900
136.0,29.68,22200,660311.0,29.66,29.56,29.54,29.53,29.5,29.41,29.3,29.28,29.23,29.18,29.68,29.69,29.7,29.77,29.78,29.79,29.81,29.82,29.84,29.85,200,3200,1100,50000,500,200,800,700,500,500,900,100,600,100,400,200,500,900,16600,16900
137.0,29.68,22200,660311.0,29.66,29.56,29.54,29.53,29.5,29.41,29.3,29.28,29.23,29.18,29.68,29.69,29.7,29.77,29.78,29.79,29.81,29.82,29.84,29.85,200,3200,1100,50000,500,200,800,700,500,500,900,100,600,100,400,200,500,900,16600,16900
138.0,29.68,22200,660311.0,29.66,29.56,29.54,29.53,29.5,29.41,29.3,29.28,29.23,29.18,29.68,29.69,29.7,29.77,29.78,29.79,29.81,29.82,29.84,29.85,200,3200,1100,50000,500,200,800,700,500,500,900,100,600,100,400,200,500,900,16600,16900
139.0,29.68,22200,660311.0,29.66,29.56,29.54,29.53,29.5,29.41,29.3,29.28,29.23,29.18,29.68,29.69,29.77,29.78,29.79,29.81,29.82,29.84,29.85,29.88,200,4200,1100,50000,500,200,800,700,500,500,900,100,100,400,200,500,900,16600,16900,100
140.0,29.68,22200,660311.0,29.66,29.56,29.54,29.53,29.5,29.41,29.3,29.28,29.23,29.18,29.68,29.69,29.77,29.78,29.79,29.81,29.82,29.84,29.85,29.88,200,4200,1100,50000,500,200,800,700,500,500,900,100,100,400,200,500,900,16600,16900,100
141.0,29.68,22200,660311.0,29.66,29.56,29.54,29.53,29.5,29.41,29.3,29.28,29.23,29.18,29.68,29.69,29.77,29.78,29.79,29.81,29.82,29.84,29.85,29.88,200,4200,1100,50000,500,200,800,700,500,500,900,100,100,400,200,500,900,16600,16900,100
142.0,29.68,22200,660311.0,29.66,29.56,29.54,29.53,29.5,29.41,29.3,29.28,29.23,29.18,29.68,29.69,29.77,29.78,29.79,29.81,29.82,29.84,29.85,29.88,200,4200,1100,50000,500,200,800,700,500,500,900,100,100,400,200,500,900,16600,16900,100
143.0,29.68,22200,660311.0,29.66,29.56,29.54,29.53,29.5,29.41,29.3,29.28,29.23,29.18,29.68,29.69,29.77,29.78,29.79,29.81,29.82,29.84,29.85,29.88,200,4200,1100,50000,500,200,800,700,500,500,900,100,100,400,200,500,600,16600,16900,100
144.0,29.68,22200,660311.0,29.66,29.56,29.54,29.53,29.5,29.41,29.3,29.28,29.23,29.18,29.68,29.69,29.77,29.78,29.79,29.81,29.82,29.84,29.85,29.88,200,4200,1100,50000,500,200,800,700,500,500,900,100,100,400,200,500,600,16600,16900,100
145.0,29.68,22200,660311.0,29.66,29.56,29.54,29.53,29.5,29.41,29.3,29.28,29.23,29.18,29.68,29.77,29.78,29.79,29.81,29.82,29.84,29.85,29.88,29.9,200,4200,1100,50000,500,200,800,700,500,500,900,100,400,200,500,600,16600,16900,100,1000
146.0,29.68,22200,660311.0,29.66,29.56,29.54,29.53,29.5,29.41,29.3,29.28,29.23,29.18,29.68,29.77,29.78,29.79,29.81,29.82,29.84,29.85,29.88,29.9,200,4200,1100,50000,500,200,800,700,500,500,900,100,400,200,500,600,16600,16900,100,1000
147.0,29.68,22200,660311.0,29.66,29.56,29.54,29.53,29.5,29.41,29.3,29.28,29.23,29.18,29.67,29.68,29.78,29.79,29.81,29.82,29.84,29.85,29.88,29.9,200,4200,1100,50000,500,200,800,700,500,500,100,900,400,200,500,600,16600,16900,100,1000
148.0,29.68,22200,660311.0,29.66,29.56,29.54,29.53,29.5,29.41,29.3,29.28,29.23,29.18,29.67,29.68,29.78,29.79,29.81,29.82,29.84,29.85,29.88,29.9,200,4200,1100,50000,500,200,800,700,500,500,100,900,400,200,500,600,16600,16900,100,1000
149.0,29.68,22200,660311.0,29.66,29.56,29.54,29.53,29.5,29.41,29.3,29.28,29.23,29.18,29.67,29.78,29.79,29.81,29.82,29.84,29.85,29.88,29.9,29.95,200,4200,1100,50000,500,200,800,700,500,500,100,400,200,500,600,16600,16900,100,1000,1500
150.0,29.68,22200,660311.0,29.66,29.56,29.54,29.53,29.5,29.41,29.3,29.28,29.23,29.18,29.67,29.78,29.79,29.81,29.82,29.84,29.85,29.88,29.9,29.95,200,4200,1100,50000,500,200,800,700,500,500,100,400,200,500,600,16600,16900,100,1000,1500
151.0,29.68,22200,660311.0,29.66,29.56,29.54,29.53,29.5,29.41,29.3,29.28,29.23,29.18,29.67,29.78,29.79,29.81,29.82,29.84,29.85,29.88,29.9,29.95,200,4200,1100,50000,500,200,800,700,500,500,100,400,200,500,600,16600,16900,100,1000,1500
152.0,29.66,22300,663277.0,29.66,29.56,29.54,29.53,29.5,29.41,29.3,29.28,29.23,29.18,29.67,29.78,29.79,29.81,29.82,29.84,29.85,29.88,29.9,29.95,100,4200,1100,50000,500,200,800,700,500,500,100,400,200,500,600,16600,16900,100,1000,1500
153.0,29.66,22300,663277.0,29.66,29.56,29.54,29.53,29.5,29.41,29.3,29.28,29.23,29.18,29.67,29.78,29.79,29.81,29.82,29.84,29.85,29.88,29.9,29.95,100,4200,1100,50000,500,200,800,700,500,500,100,400,200,500,600,16600,16900,100,1000,1500
154.0,29.66,22300,663277.0,29.66,29.56,29.54,29.53,29.5,29.41,29.3,29.28,29.23,29.18,29.67,29.78,29.79,29.81,29.82,29.84,29.85,29.88,29.9,29.95,100,4200,1100,50000,500,200,800,700,500,500,100,400,200,500,600,16600,16900,100,1000,1500
155.0,29.66,22300,663277.0,29.66,29.56,29.54,29.53,29.5,29.41,29.3,29.28,29.23,29.18,29.67,29.7,29.78,29.79,29.81,29.82,29.84,29.85,29.88,29.9,100,4200,1100,50000,500,200,800,700,500,500,100,300,400,200,500,600,16600,16900,100,1000
156.0,29.66,22300,663277.0,29.66,29.56,29.54,29.53,29.5,29.41,29.3,29.28,29.23,29.18,29.67,29.7,29.78,29.79,29.81,29.82,29.84,29.85,29.88,29.9,100,4200,2100,50000,500,200,800,700,500,500,100,300,400,200,500,600,16600,16900,100,1000
157.0,29.66,22300,663277.0,29.66,29.56,29.54,29.53,29.5,29.41,29.3,29.28,29.23,29.18,29.67,29.7,29.78,29.79,29.81,29.82,29.84,29.85,29.88,29.9,100,4200,2100,50000,500,200,800,700,500,500,100,300,400,200,500,600,16600,16900,100,1000
158.0,29.66,22300,663277.0,29.66,29.56,29.54,29.53,29.5,29.41,29.3,29.28,29.23,29.18,29.67,29.7,29.78,29.79,29.81,29.82,29.84,29.85,29.88,29.9,100,4200,2100,50000,500,200,800,700,500,500,100,300,100,200,500,600,16600,16900,100,1000
159.0,29.66,22300,663277.0,29.66,29.56,29.54,29.53,29.5,29.41,29.3,29.28,29.23,29.18,29.67,29.7,29.78,29.79,29.81,29.82,29.84,29.85,29.88,29.9,100,4200,2100,50000,500,200,800,700,500,500,100,300,100,200,500,600,16600,16900,100,1000
160.0,29.66,22300,663277.0,29.66,29.56,29.54,29.53,29.5,29.41,29.3,29.28,29.23,29.18,29.67,29.7,29.78,29.79,29.81,29.82,29.84,29.85,29.88,29.9,100,4200,2100,50000,500,200,800,700,500,500,100,300,100,200,500,600,16600,16900,100,1000
161.0,29.66,22300,663277.0,29.66,29.56,29.54,29.53,29.5,29.41,29.3,29.28,29.23,29.18,29.67,29.7,29.78,29.79,29.81,29.82,29.84,29.85,29.88,29.9,100,4200,2100,50000,500,200,800,700,500,500,100,300,100,200,500,600,16600,16900,100,1000
162.0,29.67,22400,666244.0,29.66,29.57,29.56,29.54,29.53,29.5,29.46,29.41,29.3,29.28,29.7,29.78,29.79,29.81,29.82,29.84,29.85,29.88,29.9,29.95,100,1200,4200,2100,50000,500,200,200,800,700,300,100,200,500,600,16600,16900,100,1000,1500
163.0,29.67,22400,666244.0,29.66,29.57,29.56,29.54,29.53,29.5,29.46,29.41,29.3,29.28,29.7,29.78,29.79,29.81,29.82,29.84,29.85,29.88,29.9,29.95,100,1200,4200,2100,50000,500,200,200,800,700,300,100,200,500,600,16600,16900,100,1000,1500
164.0,29.67,22400,666244.0,29.66,29.57,29.56,29.54,29.53,29.5,29.46,29.41,29.3,29.28,29.7,29.78,29.79,29.81,29.82,29.84,29.85,29.88,29.9,29.95,100,1200,4200,2100,50000,500,200,200,800,700,300,100,200,500,600,16600,16900,100,1000,1500
165.0,29.67,22400,666244.0,29.66,29.57,29.56,29.54,29.53,29.5,29.46,29.41,29.3,29.28,29.7,29.71,29.78,29.79,29.81,29.82,29.84,29.85,29.88,29.9,100,1200,4200,2100,50000,500,200,200,800,700,300,1000,100,200,500,600,16600,16900,100,1000
166.0,29.67,22400,666244.0,29.66,29.57,29.56,29.54,29.53,29.5,29.46,29.41,29.3,29.28,29.7,29.71,29.78,29.79,29.81,29.82,29.84,29.85,29.88,29.9,100,1200,4200,2100,50000,500,200,200,800,700,300,1000,100,200,500,600,16600,16900,100,1000
167.0,29.67,22400,666244.0,29.66,29.57,29.56,29.54,29.53,29.5,29.46,29.41,29.3,29.28,29.7,29.71,29.78,29.79,29.81,29.82,29.84,29.85,29.88,29.9,100,1200,4200,2100,50000,500,200,200,800,700,300,1000,100,200,500,600,16600,16900,100,1000
168.0,29.67,22400,666244.0,29.66,29.57,29.56,29.54,29.53,29.5,29.46,29.41,29.3,29.28,29.7,29.71,29.78,29.79,29.81,29.82,29.84,29.85,29.88,29.9,100,1200,4200,2100,51000,500,200,200,800,700,300,1000,100,200,500,600,16600,16900,100,1000
169.0,29.67,22400,666244.0,29.66,29.57,29.56,29.54,29.53,29.5,29.46,29.41,29.3,29.28,29.7,29.71,29.78,29.79,29.81,29.82,29.84,29.85,29.88,29.9,100,1200,4200,2100,51000,500,200,200,800,700,300,1000,100,200,500,600,16600,16900,100,1000
170.0,29.67,22400,666244.0,29.66,29.57,29.56,29.54,29.53,29.5,29.46,29.41,29.3,29.28,29.7,29.71,29.78,29.79,29.81,29.82,29.84,29.85,29.88,29.9,100,1200,4200,2100,51000,500,200,200,800,700,300,1000,100,200,500,600,16600,16900,100,1000
171.0,29.67,22400,666244.0,29.66,29.57,29.56,29.54,29.53,29.5,29.46,29.41,29.3,29.28,29.69,29.7,29.71,29.78,29.79,29.81,29.82,29.84,29.85,29.88,100,1200,4200,2100,51000,500,200,200,800,700,700,300,1000,100,200,500,600,16600,16900,100
172.0,29.67,22400,666244.0,29.66,29.57,29.56,29.54,29.53,29.5,29.46,29.41,29.3,29.28,29.69,29.7,29.71,29.78,29.79,29.81,29.82,29.84,29.85,29.88,100,1200,4200,2100,51000,500,200,200,800,700,700,300,1000,100,200,500,600,16600,16900,100
173.0,29.57,23200,689909.0,29.57,29.56,29.54,29.53,29.5,29.46,29.41,29.3,29.28,29.23,29.68,29.69,29.7,29.71,29.78,29.79,29.81,29.82,29.84,29.85,500,4200,2100,51000,500,200,200,800,700,500,1100,700,300,1000,100,200,500,600,16600,16900
174.0,29.57,23200,689909.0,29.57,29.56,29.54,29.53,29.5,29.46,29.41,29.3,29.28,29.23,29.66,29.67,29.68,29.7,29.71,29.78,29.79,29.81,29.82,29.84,500,4200,2100,51000,500,200,200,800,700,500,700,700,1300,300,1000,100,200,500,600,16600
175.0,29.57,23700,704694.0,29.56,29.54,29.53,29.5,29.46,29.41,29.3,29.28,29.23,29.18,29.57,29.65,29.66,29.68,29.7,29.71,29.78,29.79,29.81,29.82,4000,2100,51000,500,200,200,800,700,500,500,1500,400,700,200,300,1000,100,200,500,600
176.0,29.57,24600,731307.0,29.56,29.54,29.53,29.5,29.46,29.41,29.3,29.28,29.23,29.18,29.57,29.68,29.7,29.71,29.78,29.79,29.81,29.82,29.84,29.85,3000,2100,51000,500,200,200,800,700,500,500,700,200,300,1000,100,200,500,600,16600,16900
177.0,29.57,24600,731307.0,29.56,29.54,29.53,29.5,29.46,29.41,29.3,29.28,29.23,29.18,29.57,29.68,29.7,29.71,29.78,29.79,29.81,29.82,29.84,29.85,3000,2100,51000,500,200,200,800,700,500,500,700,200,300,1000,100,200,500,600,16600,16900
178.0,29.57,24600,731307.0,29.56,29.54,29.53,29.5,29.46,29.41,29.3,29.28,29.23,29.18,29.57,29.68,29.7,29.71,29.78,29.79,29.81,29.82,29.84,29.85,3000,2100,51000,500,200,200,800,700,500,500,700,200,300,1000,100,200,500,600,16600,16900
179.0,29.57,25300,752006.0,29.57,29.56,29.54,29.53,29.5,29.46,29.41,29.3,29.28,29.23,29.68,29.7,29.71,29.78,29.79,29.81,29.82,29.84,29.85,29.88,100,3100,2100,51000,500,200,200,800,700,500,200,300,1000,100,200,500,600,16600,16900,100
180.0,29.57,25300,752006.0,29.57,29.56,29.54,29.53,29.5,29.46,29.41,29.3,29.28,29.23,29.68,29.7,29.71,29.78,29.79,29.81,29.82,29.84,29.85,29.88,100,3100,2100,51000,500,200,200,800,700,500,200,300,1000,100,200,500,600,16600,16900,100
181.0,29.57,25300,752006.0,29.57,29.56,29.54,29.53,29.5,29.46,29.41,29.3,29.28,29.23,29.67,29.68,29.7,29.78,29.79,29.81,29.82,29.84,29.85,29.88,900,3100,2100,51000,500,200,200,800,700,500,1100,200,300,100,200,500,600,16600,16900,100
182.0,29.67,25400,754973.0,29.58,29.57,29.56,29.54,29.53,29.5,29.46,29.41,29.3,29.28,29.67,29.68,29.7,29.79,29.81,29.82,29.84,29.85,29.88,29.9,100,1000,3100,2100,51000,500,200,200,800,700,1000,300,300,200,500,600,16600,16900,100,1000
183.0,29.67,25400,754973.0,29.58,29.57,29.56,29.54,29.53,29.5,29.46,29.41,29.3,29.28,29.67,29.68,29.7,29.79,29.81,29.82,29.84,29.85,29.88,29.9,100,1000,3100,2100,51000,500,200,200,800,700,1000,300,300,200,500,600,16600,16900,100,1000
184.0,29.67,25500,757940.0,29.58,29.57,29.56,29.54,29.53,29.5,29.46,29.41,29.3,29.28,29.67,29.68,29.7,29.79,29.81,29.82,29.84,29.85,29.88,29.9,100,1000,3100,2100,51000,500,200,200,800,700,900,300,300,200,500,600,16600,16900,100,1000
185.0,29.67,25500,757940.0,29.58,29.57,29.56,29.54,29.53,29.5,29.46,29.41,29.3,29.28,29.67,29.68,29.7,29.79,29.81,29.82,29.84,29.85,29.88,29.9,100,1000,3000,2100,51000,500,200,200,800,700,900,300,300,200,500,600,16600,16900,100,1000
186.0,29.67,25500,757940.0,29.59,29.58,29.57,29.56,29.54,29.53,29.5,29.46,29.41,29.3,29.66,29.67,29.68,29.7,29.79,29.81,29.82,29.84,29.85,29.88,100,100,600,3000,2100,51000,500,200,200,800,100,900,300,300,200,500,600,16600,16900,100
187.0,29.67,25500,757940.0,29.6,29.59,29.58,29.57,29.56,29.54,29.53,29.5,29.46,29.41,29.66,29.68,29.7,29.79,29.81,29.82,29.84,29.85,29.88,29.9,100,100,100,600,3000,2100,51000,500,200,200,100,300,300,200,500,600,16600,16900,100,1000
188.0,29.67,25500,757940.0,29.6,29.59,29.58,29.57,29.56,29.54,29.53,29.5,29.46,29.41,29.66,29.68,29.7,29.79,29.81,29.82,29.84,29.85,29.88,29.9,100,100,100,600,3000,2100,51000,500,200,200,100,300,300,200,500,600,16600,16900,100,1000
189.0,29.67,25500,757940.0,29.6,29.59,29.58,29.57,29.56,29.54,29.53,29.5,29.46,29.41,29.66,29.68,29.7,29.79,29.81,29.82,29.84,29.85,29.88,29.9,100,100,100,600,3000,2100,51000,500,200,200,100,300,300,200,500,600,16600,16900,100,1000
190.0,29.67,25500,757940.0,29.6,29.59,29.58,29.57,29.56,29.54,29.53,29.5,29.46,29.41,29.66,29.68,29.7,29.79,29.81,29.82,29.84,29.85,29.88,29.9,100,100,100,600,3000,2100,51000,500,200,200,100,300,300,200,500,600,16600,16900,100,1000
191.0,29.67,25500,757940.0,29.6,29.59,29.58,29.57,29.56,29.54,29.53,29.5,29.46,29.41,29.66,29.68,29.7,29.79,29.81,29.82,29.84,29.85,29.88,29.9,100,100,100,600,3000,2100,51000,500,200,200,100,300,300,200,500,600,16600,16900,100,1000
192.0,29.67,25500,757940.0,29.6,29.59,29.58,29.57,29.56,29.54,29.53,29.5,29.46,29.41,29.66,29.68,29.7,29.79,29.81,29.82,29.84,29.85,29.88,29.9,100,100,100,600,3000,2100,51000,500,200,200,100,300,300,200,500,600,16600,16900,100,1000
193.0,29.67,25500,757940.0,29.6,29.59,29.58,29.57,29.56,29.54,29.53,29.5,29.46,29.41,29.66,29.68,29.7,29.79,29.81,29.82,29.84,29.85,29.88,29.9,100,100,100,600,3000,2100,51000,500,200,200,100,300,300,200,500,600,16600,16900,100,1000
194.0,29.67,25500,757940.0,29.6,29.59,29.58,29.57,29.56,29.54,29.53,29.5,29.46,29.41,29.66,29.68,29.7,29.79,29.81,29.82,29.84,29.85,29.88,29.9,100,100,100,600,3000,2100,51000,500,200,200,100,200,300,200,500,600,16600,16900,100,1000
195.0,29.67,25500,757940.0,29.6,29.59,29.58,29.57,29.56,29.54,29.53,29.5,29.46,29.41,29.66,29.68,29.7,29.79,29.81,29.82,29.84,29.85,29.88,29.9,100,100,100,800,3000,2100,51000,500,200,200,100,100,300,200,500,600,16600,16900,100,1000
196.0,29.67,25500,757940.0,29.6,29.59,29.58,29.57,29.56,29.54,29.53,29.5,29.46,29.41,29.66,29.68,29.7,29.79,29.81,29.82,29.84,29.85,29.88,29.9,100,100,100,300,3000,2100,51000,500,200,200,100,100,300,200,500,600,16600,16900,100,1000
197.0,29.67,25500,757940.0,29.62,29.61,29.6,29.59,29.57,29.56,29.54,29.53,29.5,29.46,29.66,29.68,29.7,29.79,29.81,29.82,29.84,29.85,29.88,29.9,100,100,100,100,300,3000,2100,51000,500,200,100,100,300,200,500,600,16600,16900,100,1000
198.0,29.67,25500,757940.0,29.62,29.61,29.6,29.59,29.57,29.56,29.54,29.53,29.5,29.46,29.66,29.68,29.7,29.79,29.81,29.82,29.84,29.85,29.88,29.9,100,100,100,100,300,3000,2100,51000,500,200,100,100,300,200,500,600,16600,16900,100,1000
199.0,29.67,25500,757940.0,29.62,29.61,29.6,29.59,29.57,29.56,29.54,29.53,29.5,29.46,29.66,29.68,29.7,29.79,29.81,29.82,29.84,29.85,29.88,29.9,100,100,100,100,300,3000,2100,51000,500,200,100,100,300,200,2200,600,16600,16900,100,1000
200.0,29.67,25500,757940.0,29.62,29.61,29.6,29.59,29.57,29.56,29.54,29.53,29.5,29.46,29.66,29.68,29.7,29.79,29.81,29.82,29.84,29.85,29.88,29.9,100,100,100,100,300,3000,2100,51000,500,200,100,100,300,200,2200,600,16600,16900,100,1000
201.0,29.67,25500,757940.0,29.62,29.61,29.6,29.59,29.57,29.56,29.54,29.53,29.5,29.46,29.66,29.68,29.7,29.79,29.81,29.82,29.84,29.85,29.88,29.9,100,100,100,100,300,3000,2100,51000,500,200,100,100,300,200,2200,600,16600,16900,100,1000
202.0,29.67,25500,757940.0,29.62,29.61,29.6,29.59,29.57,29.56,29.54,29.53,29.5,29.46,29.66,29.68,29.7,29.79,29.81,29.82,29.84,29.85,29.88,29.9,100,100,100,100,300,3000,2100,51000,500,200,100,100,300,200,2200,600,16600,16900,100,1000
203.0,29.67,25500,757940.0,29.62,29.61,29.6,29.59,29.57,29.56,29.54,29.53,29.5,29.46,29.66,29.68,29.7,29.79,29.81,29.82,29.84,29.85,29.88,29.9,100,100,100,100,300,3000,2100,51000,500,200,100,100,300,200,4200,600,16600,16700,100,1000
204.0,29.67,25500,757940.0,29.62,29.61,29.6,29.59,29.57,29.56,29.54,29.53,29.5,29.46,29.66,29.68,29.7,29.79,29.81,29.82,29.84,29.85,29.88,29.9,100,100,100,100,300,3000,2100,51000,500,200,100,100,300,200,4200,600,16600,16700,100,1000
205.0,29.67,25500,757940.0,29.62,29.61,29.6,29.59,29.57,29.56,29.54,29.53,29.5,29.46,29.66,29.68,29.7,29.79,29.81,29.82,29.84,29.85,29.88,29.9,100,100,100,100,300,3000,2100,51000,500,200,100,100,300,200,4200,600,16600,16700,100,1000
206.0,29.67,25500,757940.0,29.62,29.61,29.6,29.59,29.57,29.56,29.54,29.53,29.5,29.46,29.65,29.66,29.68,29.7,29.79,29.81,29.82,29.84,29.85,29.88,100,100,100,100,300,3000,2100,51000,500,200,400,100,100,300,200,4200,600,16600,16700,100
207.0,29.67,25500,757940.0,29.62,29.61,29.6,29.59,29.57,29.56,29.54,29.53,29.5,29.46,29.65,29.66,29.68,29.7,29.79,29.81,29.82,29.84,29.85,29.88,100,100,100,100,300,3000,2100,51000,500,200,400,100,100,300,200,4200,600,16600,16700,100
208.0,29.67,25500,757940.0,29.62,29.61,29.6,29.59,29.57,29.56,29.54,29.53,29.5,29.46,29.65,29.68,29.7,29.79,29.81,29.82,29.84,29.85,29.88,29.9,100,100,100,100,300,3000,2100,51000,500,200,400,100,300,200,4200,600,16600,16700,100,1000
209.0,29.67,25500,757940.0,29.62,29.61,29.6,29.59,29.57,29.56,29.54,29.53,29.5,29.46,29.64,29.65,29.68,29.7,29.79,29.81,29.82,29.84,29.85,29.88,100,100,100,100,300,3000,2100,51000,500,200,100,400,100,300,200,4200,600,16600,16700,100
210.0,29.67,25500,757940.0,29.62,29.61,29.6,29.59,29.57,29.56,29.54,29.53,29.5,29.46,29.64,29.65,29.68,29.7,29.79,29.81,29.82,29.84,29.85,29.88,100,100,100,100,300,3000,2100,51000,500,200,100,400,100,300,200,4200,600,16600,16700,100
211.0,29.67,25500,757940.0,29.62,29.61,29.6,29.59,29.57,29.56,29.54,29.53,29.5,29.46,29.64,29.65,29.68,29.7,29.79,29.81,29.82,29.84,29.85,29.88,100,100,100,100,300,3000,2100,51000,500,200,100,400,100,300,200,4200,600,16600,16700,100
212.0,29.67,25500,757940.0,29.62,29.6,29.59,29.57,29.56,29.54,29.53,29.5,29.46,29.41,29.64,29.65,29.68,29.7,29.79,29.81,29.82,29.84,29.85,29.88,100,100,100,300,3000,2100,51000,500,200,200,100,400,100,300,200,4200,600,16600,16700,100
213.0,29.67,25500,757940.0,29.62,29.6,29.59,29.57,29.56,29.54,29.53,29.5,29.46,29.41,29.64,29.65,29.68,29.7,29.79,29.81,29.82,29.84,29.85,29.88,100,100,100,300,3000,2100,51000,500,200,200,100,400,100,300,200,4200,600,16600,16700,100
214.0,29.67,25500,757940.0,29.62,29.6,29.59,29.57,29.56,29.54,29.53,29.5,29.46,29.41,29.64,29.65,29.68,29.7,29.79,29.81,29.82,29.84,29.85,29.88,100,100,100,300,3000,2100,51000,500,200,200,100,400,100,300,200,4200,600,16600,16700,100
215.0,29.67,25500,757940.0,29.62,29.6,29.59,29.57,29.56,29.54,29.53,29.5,29.46,29.41,29.64,29.65,29.68,29.7,29.79,29.81,29.82,29.84,29.85,29.88,100,100,100,300,3000,2100,51000,500,200,200,100,400,100,300,200,4200,600,16600,16700,100
216.0,29.62,25600,760902.0,29.6,29.59,29.57,29.56,29.54,29.53,29.5,29.46,29.41,29.3,29.62,29.64,29.65,29.68,29.7,29.79,29.81,29.82,29.84,29.85,100,100,300,3000,2100,51000,500,200,200,800,100,100,400,100,300,200,4200,600,16600,16700
217.0,29.62,25600,760902.0,29.6,29.59,29.57,29.56,29.54,29.53,29.5,29.46,29.41,29.3,29.62,29.64,29.65,29.68,29.7,29.79,29.81,29.82,29.84,29.85,100,100,300,3000,2100,51000,500,200,200,800,100,100,400,100,300,200,4200,600,16600,16700
218.0,29.62,25600,760902.0,29.6,29.59,29.57,29.56,29.54,29.53,29.5,29.46,29.41,29.3,29.62,29.64,29.65,29.68,29.7,29.79,29.81,29.82,29.84,29.85,100,100,300,3000,2100,51000,500,200,200,800,100,100,400,100,300,200,4200,600,16600,16700
219.0,29.62,25600,760902.0,29.6,29.59,29.57,29.56,29.54,29.53,29.5,29.46,29.41,29.3,29.62,29.65,29.68,29.7,29.79,29.81,29.82,29.84,29.85,29.88,100,100,300,3000,2100,51000,500,200,200,800,100,400,100,300,200,4200,600,16600,16700,100
220.0,29.62,25600,760902.0,29.6,29.59,29.57,29.56,29.54,29.53,29.5,29.46,29.41,29.3,29.62,29.65,29.68,29.7,29.79,29.81,29.82,29.84,29.85,29.88,100,100,300,3000,2100,51000,500,200,200,800,100,400,100,300,200,4200,600,16600,16700,100
221.0,29.62,25700,763864.0,29.61,29.6,29.59,29.57,29.56,29.54,29.53,29.5,29.46,29.41,29.64,29.65,29.68,29.7,29.79,29.81,29.82,29.84,29.85,29.88,200,100,100,300,3000,2100,51000,500,200,200,100,400,100,300,200,4200,600,16600,16700,100
222.0,29.62,25700,763864.0,29.61,29.6,29.59,29.57,29.56,29.54,29.53,29.5,29.46,29.41,29.64,29.65,29.68,29.7,29.79,29.81,29.82,29.84,29.85,29.88,200,100,100,300,3000,2100,51000,500,200,200,100,400,100,300,200,2200,600,16600,16700,100
223.0,29.62,25700,763864.0,29.61,29.6,29.59,29.57,29.56,29.54,29.53,29.5,29.46,29.41,29.64,29.65,29.68,29.7,29.79,29.81,29.82,29.84,29.85,29.88,200,100,100,300,3000,2100,51000,500,200,200,100,400,100,300,200,2200,600,16600,16700,100
224.0,29.62,25700,763864.0,29.61,29.6,29.59,29.57,29.56,29.54,29.53,29.5,29.46,29.41,29.64,29.65,29.68,29.7,29.79,29.81,29.82,29.84,29.85,29.88,200,100,100,300,3000,2100,51000,500,200,200,100,400,100,300,200,2200,600,16600,16700,100
225.0,29.62,25700,763864.0,29.61,29.6,29.59,29.57,29.56,29.54,29.53,29.5,29.46,29.41,29.64,29.65,29.68,29.7,29.79,29.81,29.82,29.84,29.85,29.88,200,100,100,300,3000,2100,51000,500,200,200,100,400,100,300,200,2200,600,16600,16700,100
226.0,29.62,25700,763864.0,29.61,29.6,29.59,29.57,29.56,29.54,29.53,29.5,29.46,29.41,29.64,29.65,29.68,29.7,29.79,29.81,29.82,29.84,29.85,29.88,200,100,100,300,3000,2100,51000,500,200,200,100,400,100,300,200,2200,600,16600,16700,1100
227.0,29.62,25700,763864.0,29.61,29.6,29.59,29.57,29.56,29.54,29.53,29.5,29.46,29.41,29.64,29.65,29.68,29.7,29.79,29.81,29.82,29.84,29.85,29.88,200,100,100,300,3000,2100,51000,500,200,200,100,400,100,300,200,2200,600,16600,16700,1100
228.0,29.62,25700,763864.0,29.61,29.6,29.59,29.57,29.56,29.54,29.53,29.5,29.46,29.41,29.64,29.65,29.68,29.7,29.79,29.81,29.82,29.84,29.85,29.88,200,100,100,300,3000,2100,51000,500,200,200,100,400,100,300,200,2200,600,16600,16700,1100
229.0,29.62,25700,763864.0,29.61,29.6,29.59,29.57,29.56,29.54,29.53,29.5,29.46,29.41,29.64,29.65,29.68,29.7,29.79,29.81,29.82,29.84,29.85,29.88,200,100,100,300,3000,2100,51000,500,200,200,100,400,100,300,200,2200,600,16600,16700,1100
230.0,29.62,25700,763864.0,29.61,29.6,29.59,29.57,29.56,29.54,29.53,29.5,29.46,29.41,29.64,29.65,29.68,29.7,29.79,29.81,29.82,29.84,29.85,29.88,200,100,100,300,3000,2100,51000,500,200,200,100,400,100,300,200,2200,600,16600,16700,1100
231.0,29.62,25700,763864.0,29.61,29.6,29.59,29.57,29.56,29.54,29.53,29.5,29.46,29.41,29.64,29.65,29.68,29.7,29.79,29.81,29.82,29.84,29.85,29.88,200,100,100,300,3000,2100,51000,500,200,200,100,400,100,300,200,2200,600,16600,16700,1100
232.0,29.62,25700,763864.0,29.61,29.6,29.59,29.57,29.56,29.54,29.53,29.5,29.46,29.41,29.64,29.65,29.68,29.7,29.79,29.81,29.82,29.84,29.85,29.88,200,100,100,300,3000,2100,51000,500,200,1200,100,400,100,300,200,2200,600,16600,16700,1100
233.0,29.62,25700,763864.0,29.61,29.6,29.59,29.57,29.56,29.54,29.53,29.5,29.46,29.41,29.64,29.65,29.68,29.7,29.79,29.81,29.82,29.84,29.85,29.88,200,100,100,300,3000,2100,51000,500,200,1200,100,400,100,300,200,2200,600,16600,16700,1100
234.0,29.62,25700,763864.0,29.61,29.6,29.59,29.57,29.56,29.54,29.53,29.5,29.46,29.41,29.64,29.65,29.68,29.7,29.79,29.81,29.82,29.84,29.85,29.88,200,100,100,300,3000,2100,51000,500,200,1200,100,400,100,300,200,2200,600,16600,16700,1100
235.0,29.62,25700,763864.0,29.61,29.6,29.59,29.57,29.56,29.54,29.53,29.5,29.46,29.41,29.64,29.65,29.68,29.7,29.79,29.81,29.82,29.84,29.85,29.86,200,100,100,300,3000,2100,51000,500,200,1200,100,400,100,300,200,2200,600,16600,16700,800
236.0,29.62,25700,763864.0,29.61,29.6,29.59,29.57,29.56,29.54,29.53,29.5,29.46,29.41,29.64,29.65,29.68,29.7,29.79,29.81,29.82,29.84,29.85,29.86,200,100,100,300,3000,2100,51000,500,200,1200,100,400,100,300,200,2200,600,16600,16700,800
237.0,29.62,25700,763864.0,29.61,29.6,29.59,29.57,29.56,29.54,29.53,29.5,29.46,29.41,29.64,29.65,29.68,29.7,29.79,29.81,29.82,29.84,29.85,29.86,200,100,100,300,3000,2100,51000,500,200,1200,100,400,100,300,200,2200,600,16600,16700,800
238.0,29.62,25700,763864.0,29.61,29.6,29.59,29.57,29.56,29.54,29.53,29.5,29.46,29.41,29.64,29.65,29.68,29.7,29.79,29.81,29.82,29.84,29.85,29.86,200,100,100,300,3000,2100,51000,500,200,1200,100,400,100,300,200,2200,600,16600,16700,800
239.0,29.62,25700,763864.0,29.61,29.6,29.59,29.57,29.56,29.54,29.53,29.5,29.46,29.41,29.64,29.65,29.68,29.7,29.79,29.81,29.82,29.84,29.85,29.86,200,100,100,300,3000,2100,51000,500,200,1200,100,400,100,300,200,2200,600,16600,16700,800
240.0,29.62,25700,763864.0,29.61,29.6,29.59,29.57,29.56,29.54,29.53,29.5,29.46,29.41,29.64,29.65,29.68,29.7,29.79,29.81,29.82,29.84,29.85,29.86,200,100,100,300,3000,2100,51000,500,200,1200,100,400,100,300,200,2200,600,16600,16700,800
241.0,29.62,25700,763864.0,29.61,29.6,29.59,29.57,29.56,29.54,29.53,29.5,29.46,29.41,29.64,29.65,29.68,29.7,29.79,29.81,29.82,29.84,29.85,29.86,300,100,100,300,3000,2100,51000,500,200,1200,100,400,100,300,200,2200,600,16600,16700,800
242.0,29.62,25700,763864.0,29.61,29.6,29.59,29.57,29.56,29.54,29.53,29.51,29.5,29.46,29.64,29.65,29.68,29.7,29.79,29.81,29.82,29.84,29.85,29.86,400,100,100,300,3000,2100,51000,100,500,200,100,400,100,300,200,2200,600,16600,16700,800
243.0,29.62,25700,763864.0,29.61,29.6,29.59,29.57,29.56,29.54,29.53,29.51,29.5,29.46,29.64,29.65,29.68,29.7,29.79,29.81,29.82,29.84,29.85,29.86,400,100,100,300,3000,2100,51000,100,500,200,100,400,100,300,200,2200,600,16600,16700,800
244.0,29.62,25700,763864.0,29.61,29.57,29.56,29.54,29.53,29.51,29.5,29.46,29.41,29.3,29.64,29.65,29.68,29.7,29.79,29.81,29.82,29.84,29.85,29.86,400,300,3000,2100,51000,100,500,200,1200,800,100,400,100,300,200,2200,600,16600,16700,800
245.0,29.62,25700,763864.0,29.61,29.57,29.56,29.54,29.53,29.51,29.5,29.46,29.41,29.3,29.64,29.65,29.68,29.7,29.79,29.81,29.82,29.84,29.85,29.86,400,300,3000,2100,51000,100,500,200,1200,800,100,400,100,300,200,2200,600,16600,16700,800
246.0,29.62,25700,763864.0,29.61,29.57,29.56,29.54,29.53,29.51,29.5,29.46,29.41,29.3,29.64,29.65,29.68,29.7,29.79,29.81,29.82,29.84,29.85,29.86,400,300,3000,2100,51000,100,500,200,1200,800,100,400,100,300,200,2200,600,16600,16700,800
247.0,29.62,25700,763864.0,29.61,29.57,29.56,29.54,29.53,29.51,29.5,29.46,29.41,29.3,29.64,29.65,29.68,29.7,29.79,29.81,29.82,29.84,29.85,29.86,400,300,3000,2100,51000,100,500,200,1200,800,100,400,100,300,200,2200,600,16600,16700,800
248.0,29.62,25700,763864.0,29.61,29.57,29.56,29.54,29.53,29.51,29.5,29.46,29.41,29.3,29.64,29.65,29.68,29.7,29.79,29.81,29.82,29.84,29.85,29.86,400,300,3000,2100,51000,100,500,200,1200,800,100,400,100,300,200,2200,600,16600,16700,800
249.0,29.62,25700,763864.0,29.61,29.57,29.56,29.54,29.53,29.51,29.5,29.46,29.41,29.3,29.64,29.65,29.68,29.7,29.79,29.81,29.82,29.84,29.85,29.86,400,300,3000,2100,51000,100,500,200,1200,800,100,400,100,300,200,2200,600,16600,16700,800
250.0,29.62,25700,763864.0,29.61,29.57,29.56,29.54,29.53,29.51,29.5,29.46,29.41,29.3,29.64,29.65,29.68,29.7,29.79,29.81,29.82,29.84,29.85,29.86,400,300,3000,2100,51000,100,500,200,1200,800,100,400,100,300,200,2200,600,16600,16700,800
251.0,29.62,25700,763864.0,29.61,29.57,29.56,29.54,29.53,29.51,29.5,29.46,29.41,29.3,29.64,29.65,29.68,29.7,29.79,29.81,29.82,29.84,29.85,29.86,400,300,3000,2100,51000,100,500,200,1200,800,100,400,100,300,200,2200,600,16600,16700,800
252.0,29.62,25700,763864.0,29.61,29.6,29.57,29.56,29.54,29.53,29.51,29.5,29.46,29.41,29.64,29.65,29.68,29.7,29.79,29.81,29.82,29.84,29.85,29.86,400,500,300,3000,2100,51000,100,500,200,1200,100,400,100,300,200,2200,600,16600,16700,800
253.0,29.62,25700,763864.0,29.61,29.6,29.57,29.56,29.54,29.53,29.51,29.5,29.46,29.41,29.64,29.65,29.68,29.7,29.79,29.81,29.82,29.84,29.85,29.86,400,500,300,3000,2100,51000,100,500,200,1200,100,400,100,300,200,2200,600,16600,16700,800
254.0,29.61,26100,775708.0,29.6,29.57,29.56,29.54,29.53,29.51,29.5,29.46,29.41,29.3,29.64,29.65,29.68,29.7,29.79,29.81,29.82,29.84,29.85,29.86,500,300,3000,2100,51000,100,500,200,1200,800,200,400,100,300,200,2200,600,16600,16700,800
255.0,29.61,26100,775708.0,29.6,29.57,29.56,29.54,29.53,29.51,29.5,29.46,29.41,29.3,29.64,29.65,29.68,29.7,29.79,29.8,29.81,29.82,29.84,29.85,500,300,3000,2100,51000,100,500,200,1200,800,200,400,100,300,200,1500,2200,600,16600,16700
256.0,29.61,26100,775708.0,29.6,29.57,29.56,29.54,29.53,29.51,29.5,29.46,29.41,29.3,29.64,29.65,29.68,29.7,29.79,29.8,29.81,29.82,29.84,29.85,500,300,3000,2100,51000,100,500,200,1200,800,200,400,100,300,200,1500,2200,600,16600,16700
257.0,29.61,26100,775708.0,29.6,29.57,29.56,29.54,29.53,29.51,29.5,29.46,29.41,29.3,29.64,29.65,29.68,29.7,29.79,29.8,29.81,29.82,29.84,29.85,500,300,3000,2100,51000,100,500,200,1200,800,200,400,100,300,200,1500,2200,600,16600,16700
258.0,29.61,26100,775708.0,29.6,29.57,29.56,29.54,29.53,29.51,29.5,29.46,29.41,29.3,29.64,29.65,29.68,29.7,29.79,29.8,29.81,29.82,29.84,29.85,500,300,3000,2100,51000,100,500,200,1200,800,200,400,100,300,200,1500,2200,600,16600,16700
259.0,29.61,26100,775708.0,29.6,29.57,29.56,29.54,29.53,29.51,29.5,29.46,29.41,29.3,29.64,29.65,29.68,29.7,29.79,29.8,29.81,29.82,29.84,29.85,500,300,3000,2100,51000,100,500,200,1200,800,200,400,100,300,200,1500,2200,600,16600,16700
260.0,29.61,26100,775708.0,29.6,29.57,29.56,29.54,29.53,29.51,29.5,29.46,29.41,29.3,29.64,29.65,29.68,29.7,29.79,29.8,29.81,29.82,29.84,29.85,500,300,3000,2100,51000,100,500,200,1200,800,200,400,100,300,200,1500,2200,600,16600,16700
261.0,29.61,26100,775708.0,29.6,29.57,29.56,29.54,29.53,29.51,29.5,29.46,29.41,29.3,29.64,29.65,29.68,29.7,29.79,29.8,29.81,29.82,29.84,29.85,500,300,3000,2100,51000,100,500,200,1200,800,200,400,100,300,200,1500,2200,600,16600,16700
262.0,29.61,26100,775708.0,29.6,29.57,29.56,29.54,29.53,29.51,29.5,29.46,29.42,29.41,29.64,29.65,29.68,29.7,29.79,29.8,29.81,29.82,29.84,29.85,500,300,3000,2100,51000,100,500,200,200,1200,200,400,100,300,200,1500,2200,600,16600,16700
263.0,29.61,26100,775708.0,29.6,29.57,29.56,29.54,29.53,29.51,29.5,29.46,29.42,29.41,29.64,29.65,29.68,29.7,29.79,29.8,29.81,29.82,29.84,29.85,600,300,3000,2100,51000,100,500,200,200,1200,200,400,100,300,200,1500,2200,600,16600,16700
264.0,29.61,26100,775708.0,29.6,29.57,29.56,29.54,29.53,29.51,29.5,29.46,29.42,29.41,29.64,29.65,29.68,29.7,29.79,29.8,29.81,29.82,29.84,29.85,600,300,3000,2100,51000,100,500,200,200,1200,200,400,100,300,200,1500,2200,600,16600,16700
265.0,29.61,26100,775708.0,29.6,29.57,29.56,29.54,29.53,29.51,29.5,29.46,29.42,29.41,29.64,29.65,29.68,29.7,29.79,29.8,29.81,29.82,29.84,29.85,600,300,3000,2100,51000,100,500,200,200,1200,200,400,100,300,200,1500,2200,600,16600,16700
266.0,29.61,26100,775708.0,29.6,29.57,29.56,29.54,29.53,29.51,29.5,29.46,29.42,29.41,29.64,29.65,29.68,29.7,29.79,29.8,29.81,29.82,29.84,29.85,600,300,3000,2100,51000,100,500,200,200,1200,200,400,100,300,200,1500,2200,600,16600,16700
267.0,29.61,26100,775708.0,29.6,29.57,29.56,29.54,29.53,29.51,29.5,29.46,29.42,29.41,29.64,29.65,29.68,29.7,29.79,29.8,29.81,29.82,29.84,29.85,600,300,3000,2100,51000,100,500,200,200,1200,200,400,100,300,200,1500,2200,600,16600,16700
268.0,29.61,26100,775708.0,29.6,29.57,29.56,29.54,29.53,29.51,29.5,29.46,29.42,29.41,29.64,29.65,29.68,29.7,29.79,29.8,29.81,29.82,29.84,29.85,600,300,3000,2100,51000,100,500,200,200,1200,200,400,100,300,200,1500,2200,600,16600,16700
269.0,29.61,26100,775708.0,29.6,29.57,29.56,29.54,29.53,29.51,29.5,29.46,29.42,29.41,29.64,29.65,29.68,29.7,29.79,29.8,29.81,29.82,29.84,29.85,600,300,3000,2100,51000,100,500,200,200,1200,200,400,100,300,200,1500,2200,600,16600,16700
270.0,29.61,26100,775708.0,29.6,29.57,29.56,29.54,29.53,29.51,29.5,29.46,29.42,29.41,29.64,29.65,29.68,29.7,29.79,29.8,29.81,29.82,29.84,29.85,600,300,3000,2100,51000,100,500,200,200,1200,200,400,100,300,200,1500,2200,600,16600,16700
271.0,29.61,26100,775708.0,29.6,29.57,29.56,29.54,29.53,29.51,29.5,29.46,29.42,29.41,29.64,29.65,29.68,29.7,29.79,29.8,29.81,29.82,29.84,29.85,600,300,3000,2100,51000,100,500,200,200,1200,200,400,100,300,200,1500,2200,600,16600,16700
272.0,29.61,26100,775708.0,29.6,29.57,29.56,29.54,29.53,29.51,29.5,29.46,29.42,29.41,29.64,29.65,29.68,29.7,29.79,29.8,29.81,29.82,29.84,29.85,600,300,3000,2100,51000,100,500,200,200,1200,200,400,100,300,200,1500,2200,600,16600,16700
273.0,29.61,26100,775708.0,29.6,29.57,29.56,29.54,29.53,29.51,29.5,29.46,29.42,29.41,29.64,29.65,29.68,29.7,29.79,29.8,29.81,29.82,29.84,29.85,600,300,3000,2100,51000,100,500,200,200,1500,200,400,100,300,200,1500,2200,600,16600,16700
274.0,29.61,26100,775708.0,29.6,29.57,29.56,29.54,29.53,29.51,29.5,29.46,29.42,29.41,29.64,29.65,29.68,29.7,29.79,29.8,29.81,29.82,29.84,29.85,600,300,3000,2100,51000,100,500,200,200,1500,200,400,100,300,200,1500,2200,600,16600,16700
275.0,29.61,26100,775708.0,29.6,29.57,29.56,29.54,29.53,29.51,29.5,29.46,29.42,29.41,29.64,29.65,29.68,29.7,29.79,29.8,29.81,29.82,29.84,29.85,600,300,3000,2100,51000,100,500,200,200,1500,200,400,100,300,200,1500,2200,600,16600,16700
276.0,29.61,26100,775708.0,29.6,29.57,29.56,29.54,29.53,29.51,29.5,29.46,29.42,29.41,29.64,29.65,29.68,29.7,29.79,29.8,29.81,29.82,29.84,29.85,600,300,3000,2100,51000,100,500,200,200,1500,200,400,100,300,200,1500,2200,600,16600,16700
277.0,29.61,26100,775708.0,29.6,29.57,29.56,29.54,29.53,29.51,29.5,29.46,29.42,29.41,29.64,29.65,29.68,29.7,29.79,29.8,29.81,29.82,29.84,29.85,600,300,3000,2100,51000,100,500,200,200,1500,200,400,100,300,200,1500,2200,600,16600,16700
278.0,29.61,26100,775708.0,29.6,29.57,29.56,29.54,29.53,29.51,29.5,29.46,29.42,29.41,29.64,29.65,29.68,29.7,29.79,29.8,29.81,29.82,29.84,29.85,600,300,3000,2100,51000,100,500,200,200,1500,200,400,100,300,200,1500,2200,600,16600,16700
279.0,29.61,26100,775708.0,29.6,29.57,29.56,29.54,29.53,29.51,29.5,29.46,29.42,29.41,29.64,29.65,29.68,29.7,29.79,29.8,29.81,29.82,29.84,29.85,600,300,3000,2100,51000,100,500,200,200,1500,200,400,100,300,200,1500,2200,600,16600,16700
280.0,29.61,26100,775708.0,29.6,29.57,29.56,29.54,29.53,29.51,29.5,29.46,29.42,29.41,29.64,29.65,29.68,29.7,29.79,29.8,29.81,29.82,29.84,29.85,600,300,3000,2100,51000,100,500,200,200,1500,200,400,100,300,200,1500,2200,600,16600,16700
281.0,29.61,26100,775708.0,29.6,29.57,29.56,29.54,29.53,29.51,29.5,29.46,29.42,29.41,29.64,29.65,29.68,29.7,29.79,29.8,29.81,29.82,29.84,29.85,600,300,3000,2100,51000,100,500,200,200,1500,200,400,100,300,200,1500,2200,600,16600,16700
282.0,29.61,26100,775708.0,29.6,29.57,29.56,29.54,29.53,29.51,29.5,29.46,29.42,29.41,29.64,29.65,29.68,29.7,29.79,29.8,29.81,29.82,29.84,29.85,600,300,3000,2100,51000,100,500,200,200,1500,200,400,100,300,200,1500,2200,600,16600,16700
283.0,29.61,26100,775708.0,29.6,29.57,29.56,29.54,29.53,29.51,29.5,29.46,29.42,29.41,29.64,29.65,29.68,29.7,29.79,29.8,29.81,29.82,29.84,29.85,600,300,3000,2100,51000,100,500,200,200,1500,200,400,100,300,200,1500,2200,600,16600,16700
284.0,29.61,26100,775708.0,29.6,29.57,29.56,29.54,29.53,29.51,29.5,29.46,29.42,29.41,29.64,29.65,29.68,29.7,29.79,29.8,29.81,29.82,29.84,29.85,600,300,3000,2100,51000,100,500,200,200,1500,200,400,100,300,200,1500,2200,600,16600,16700
285.0,29.61,26100,775708.0,29.6,29.57,29.56,29.54,29.53,29.51,29.5,29.46,29.42,29.41,29.64,29.65,29.68,29.7,29.79,29.8,29.81,29.82,29.84,29.85,600,300,3000,2100,51000,100,500,200,200,1500,200,400,100,300,200,1500,2200,600,16600,16700
286.0,29.61,26100,775708.0,29.6,29.57,29.56,29.54,29.53,29.51,29.5,29.46,29.42,29.41,29.64,29.65,29.68,29.7,29.79,29.8,29.81,29.82,29.84,29.85,600,300,3000,2100,51000,100,500,200,200,1500,200,400,100,300,200,1500,2200,600,16600,16700
287.0,29.61,26100,775708.0,29.6,29.57,29.56,29.54,29.53,29.51,29.5,29.46,29.42,29.41,29.64,29.65,29.68,29.7,29.79,29.8,29.81,29.82,29.84,29.85,600,300,3000,2100,51000,100,500,200,200,1500,200,400,100,300,200,1500,2200,600,16600,16700
288.0,29.61,26100,775708.0,29.6,29.57,29.56,29.54,29.53,29.51,29.5,29.46,29.42,29.41,29.64,29.65,29.68,29.7,29.79,29.8,29.81,29.82,29.84,29.85,600,300,3000,2100,51000,100,500,200,200,1500,200,400,100,300,200,1500,2200,600,16600,16700
289.0,29.61,26100,775708.0,29.6,29.57,29.56,29.54,29.53,29.51,29.5,29.46,29.42,29.41,29.64,29.65,29.68,29.7,29.79,29.8,29.81,29.82,29.84,29.85,600,300,3000,2100,51000,100,500,200,200,1500,200,400,100,300,200,1500,2200,600,16600,16700
290.0,29.61,26100,775708.0,29.6,29.57,29.56,29.54,29.53,29.51,29.5,29.46,29.42,29.41,29.64,29.65,29.68,29.7,29.79,29.8,29.81,29.82,29.84,29.85,600,300,3000,2100,51000,100,500,200,200,1500,200,400,100,300,200,1500,2200,600,16600,16700
291.0,29.61,26100,775708.0,29.6,29.57,29.56,29.54,29.53,29.51,29.5,29.46,29.42,29.41,29.64,29.65,29.68,29.7,29.79,29.8,29.81,29.82,29.84,29.85,600,300,3000,2100,51000,100,500,200,200,1500,200,400,100,300,200,1500,2200,600,16600,16700
292.0,29.61,26100,775708.0,29.6,29.57,29.56,29.54,29.53,29.51,29.5,29.46,29.42,29.41,29.64,29.65,29.68,29.7,29.79,29.8,29.81,29.82,29.84,29.85,600,300,3000,2100,51000,100,500,200,200,1500,200,400,100,300,200,1500,2200,600,16600,16700
293.0,29.61,26100,775708.0,29.6,29.57,29.56,29.54,29.53,29.51,29.5,29.46,29.42,29.41,29.64,29.65,29.68,29.7,29.79,29.8,29.81,29.82,29.84,29.85,600,300,3000,2100,51000,100,500,200,200,1500,200,400,100,300,200,1500,2200,600,16600,16700
294.0,29.61,26100,775708.0,29.6,29.57,29.56,29.54,29.53,29.51,29.5,29.46,29.42,29.41,29.64,29.65,29.68,29.7,29.79,29.8,29.81,29.82,29.84,29.85,600,300,3000,2100,51000,100,500,200,200,1500,200,400,100,300,200,1500,2200,600,16600,16700
295.0,29.61,26100,775708.0,29.6,29.57,29.56,29.54,29.53,29.51,29.5,29.46,29.42,29.41,29.64,29.65,29.68,29.7,29.79,29.8,29.81,29.82,29.84,29.85,600,300,3000,2100,51000,100,500,200,200,1500,200,400,100,300,200,1500,2200,600,16600,16700
296.0,29.61,26100,775708.0,29.6,29.57,29.56,29.54,29.53,29.51,29.5,29.46,29.42,29.41,29.64,29.65,29.68,29.7,29.79,29.8,29.81,29.82,29.84,29.85,600,300,3000,2100,51000,100,500,200,200,1500,200,400,100,300,200,1500,2200,600,16600,16700
297.0,29.61,26100,775708.0,29.6,29.57,29.56,29.54,29.53,29.51,29.5,29.46,29.42,29.41,29.64,29.65,29.68,29.7,29.79,29.8,29.81,29.82,29.84,29.85,600,300,3000,2100,51000,100,500,200,200,1500,200,400,100,300,200,1500,2200,600,16600,16700
298.0,29.61,26100,775708.0,29.6,29.57,29.56,29.54,29.53,29.51,29.5,29.46,29.42,29.41,29.64,29.65,29.68,29.7,29.79,29.8,29.81,29.82,29.84,29.85,600,300,3000,2100,51000,100,500,200,200,1500,300,400,100,300,200,1500,2200,600,16600,16700
299.0,29.61,26100,775708.0,29.6,29.57,29.56,29.54,29.53,29.51,29.5,29.46,29.42,29.41,29.64,29.65,29.68,29.7,29.79,29.8,29.81,29.82,29.84,29.85,600,300,3000,2100,51000,100,500,200,200,1500,300,400,100,300,200,1500,2200,600,16600,16700
300.0,29.61,26100,775708.0,29.6,29.57,29.56,29.54,29.53,29.51,29.5,29.46,29.42,29.41,29.64,29.65,29.68,29.7,29.79,29.8,29.81,29.82,29.84,29.85,600,300,3000,2100,51000,100,500,200,200,1500,300,400,100,300,200,1500,2200,600,16600,16700
301.0,29.61,26100,775708.0,29.6,29.57,29.56,29.54,29.53,29.51,29.5,29.46,29.42,29.41,29.64,29.65,29.68,29.7,29.79,29.8,29.81,29.82,29.84,29.85,900,300,3000,2100,51000,100,500,200,200,1500,300,400,100,300,200,1500,500,600,16600,16700
302.0,29.61,26100,775708.0,29.6,29.57,29.56,29.54,29.53,29.51,29.5,29.46,29.42,29.41,29.64,29.65,29.68,29.7,29.79,29.8,29.81,29.82,29.84,29.85,900,300,3000,2100,51000,100,500,200,200,1500,300,400,100,300,200,1500,500,600,16600,16700
303.0,29.61,26100,775708.0,29.6,29.57,29.56,29.54,29.53,29.51,29.5,29.46,29.42,29.41,29.64,29.65,29.68,29.7,29.79,29.8,29.81,29.82,29.84,29.85,900,300,3000,2100,51000,100,500,200,200,1500,300,400,100,300,200,1500,500,600,16600,16700
304.0,29.61,26100,775708.0,29.6,29.57,29.56,29.54,29.53,29.51,29.5,29.46,29.42,29.41,29.64,29.65,29.68,29.7,29.79,29.8,29.81,29.82,29.84,29.85,900,300,3000,2100,51000,100,500,200,200,1500,300,400,100,300,200,1500,500,600,16600,16700
305.0,29.61,26100,775708.0,29.6,29.57,29.56,29.54,29.53,29.51,29.5,29.46,29.42,29.41,29.64,29.65,29.68,29.7,29.79,29.8,29.81,29.82,29.84,29.85,900,400,3000,2100,51000,100,500,200,200,1500,300,400,100,300,200,1500,500,600,16600,16700
306.0,29.61,26100,775708.0,29.6,29.57,29.56,29.54,29.53,29.51,29.5,29.46,29.42,29.41,29.64,29.65,29.68,29.7,29.79,29.8,29.81,29.82,29.84,29.85,900,400,3000,2100,51000,100,500,200,200,1500,300,400,100,300,200,1500,500,600,16600,16700
307.0,29.61,26100,775708.0,29.6,29.57,29.56,29.54,29.53,29.51,29.5,29.46,29.42,29.41,29.64,29.65,29.68,29.7,29.79,29.8,29.81,29.82,29.84,29.85,900,400,3000,2100,51000,100,500,200,200,1500,300,400,100,300,200,1500,500,600,16600,16700
308.0,29.61,26100,775708.0,29.6,29.57,29.56,29.54,29.53,29.51,29.5,29.46,29.42,29.41,29.63,29.64,29.65,29.68,29.7,29.79,29.8,29.81,29.82,29.84,900,500,3000,2100,51000,100,700,200,200,1500,100,300,400,100,300,200,1500,500,600,16600
309.0,29.61,26100,775708.0,29.6,29.57,29.56,29.54,29.53,29.51,29.5,29.46,29.42,29.41,29.64,29.65,29.68,29.7,29.79,29.8,29.81,29.82,29.84,29.85,900,500,3000,2100,51000,100,700,200,200,1500,300,400,100,300,1900,1500,500,600,16600,16700
310.0,29.61,26100,775708.0,29.6,29.57,29.56,29.54,29.53,29.51,29.5,29.46,29.42,29.41,29.64,29.65,29.68,29.7,29.79,29.8,29.81,29.82,29.84,29.85,900,500,3000,2100,51000,100,700,200,200,1500,300,400,100,300,1900,1500,500,600,16600,16700
311.0,29.6,26200,778668.0,29.6,29.57,29.56,29.54,29.53,29.51,29.5,29.46,29.42,29.41,29.64,29.65,29.68,29.7,29.79,29.8,29.81,29.82,29.84,29.85,800,500,3000,2100,51000,100,700,200,200,1500,300,400,100,300,1900,1500,500,600,16600,16700
312.0,29.6,26200,778668.0,29.6,29.57,29.56,29.54,29.53,29.51,29.5,29.46,29.42,29.41,29.64,29.65,29.68,29.7,29.79,29.8,29.81,29.82,29.84,29.85,800,500,3000,2100,51000,100,700,200,200,1500,300,400,100,300,1900,1500,500,600,16600,16700
313.0,29.6,26200,778668.0,29.6,29.57,29.56,29.54,29.53,29.51,29.5,29.46,29.42,29.41,29.64,29.65,29.68,29.7,29.79,29.8,29.81,29.82,29.84,29.85,800,500,3000,2100,51000,100,700,200,200,1500,300,400,100,300,1900,1500,500,600,16600,16700
314.0,29.6,26200,778668.0,29.6,29.57,29.56,29.54,29.53,29.51,29.5,29.46,29.42,29.41,29.64,29.65,29.68,29.7,29.79,29.8,29.81,29.82,29.84,29.85,800,500,3000,2100,51000,100,700,200,200,1500,300,400,100,300,1900,1500,500,600,16600,16700
315.0,29.6,26200,778668.0,29.6,29.57,29.56,29.54,29.53,29.51,29.5,29.46,29.42,29.41,29.64,29.65,29.68,29.7,29.79,29.8,29.81,29.82,29.84,29.85,800,500,3000,2100,51000,100,700,200,200,1500,300,400,100,300,1900,1500,500,600,16600,16700
316.0,29.6,26200,778668.0,29.6,29.57,29.56,29.54,29.53,29.51,29.5,29.46,29.42,29.41,29.64,29.65,29.68,29.7,29.79,29.8,29.81,29.82,29.84,29.85,800,500,3000,2100,51000,100,700,200,200,1500,300,400,100,300,1900,1500,500,600,16600,16700
317.0,29.6,26200,778668.0,29.6,29.57,29.56,29.54,29.53,29.51,29.5,29.46,29.42,29.41,29.64,29.65,29.68,29.7,29.79,29.8,29.81,29.82,29.84,29.85,800,500,3000,2100,51000,100,700,200,200,1500,300,400,100,300,1900,1500,500,600,16600,16700
318.0,29.6,26200,778668.0,29.6,29.57,29.56,29.54,29.53,29.51,29.5,29.46,29.42,29.41,29.64,29.65,29.68,29.7,29.79,29.8,29.81,29.82,29.84,29.85,800,500,3000,2100,51000,100,700,200,200,1500,300,400,100,300,1900,1500,500,600,16600,16700
319.0,29.6,26200,778668.0,29.6,29.57,29.56,29.54,29.53,29.51,29.5,29.46,29.42,29.41,29.64,29.65,29.68,29.7,29.79,29.8,29.81,29.82,29.84,29.85,800,500,3000,2100,51000,100,700,200,200,1500,300,400,100,300,1900,1500,500,600,16600,16700
320.0,29.6,26200,778668.0,29.6,29.57,29.56,29.54,29.53,29.51,29.5,29.46,29.42,29.41,29.64,29.65,29.68,29.7,29.79,29.8,29.81,29.82,29.84,29.85,800,500,3000,2100,51000,100,700,200,200,1500,300,400,100,300,1900,1500,500,600,16600,16700
321.0,29.6,26300,781628.0,29.6,29.57,29.56,29.54,29.53,29.51,29.5,29.46,29.42,29.41,29.64,29.65,29.68,29.7,29.79,29.8,29.81,29.82,29.84,29.85,700,500,3000,2100,51300,100,700,200,200,1500,300,400,100,300,1900,1500,500,600,16600,16700
322.0,29.6,26300,781628.0,29.6,29.57,29.56,29.54,29.53,29.51,29.5,29.46,29.42,29.41,29.64,29.65,29.68,29.7,29.79,29.8,29.81,29.82,29.84,29.85,700,500,3000,2100,51300,100,700,200,200,1500,300,400,100,300,1900,1500,500,600,16600,16700
323.0,29.6,26300,781628.0,29.6,29.57,29.56,29.54,29.53,29.51,29.5,29.46,29.42,29.41,29.64,29.65,29.68,29.7,29.79,29.8,29.81,29.82,29.84,29.85,700,500,3000,2100,51300,100,700,200,200,1500,300,400,100,300,1900,1500,500,600,16600,16700
324.0,29.6,26300,781628.0,29.6,29.57,29.56,29.54,29.53,29.51,29.5,29.46,29.42,29.41,29.64,29.65,29.68,29.7,29.79,29.8,29.81,29.82,29.84,29.85,700,500,3000,2100,51300,100,700,200,200,1500,300,400,100,300,1900,1500,500,600,16600,16700
325.0,29.6,26300,781628.0,29.6,29.57,29.56,29.54,29.53,29.51,29.5,29.46,29.42,29.41,29.64,29.65,29.68,29.7,29.79,29.8,29.81,29.82,29.84,29.85,700,500,3000,2100,51300,100,700,200,200,1500,300,400,100,300,1900,1500,500,600,16600,16700
326.0,29.6,26300,781628.0,29.6,29.57,29.56,29.54,29.53,29.51,29.5,29.46,29.42,29.41,29.64,29.65,29.68,29.7,29.79,29.8,29.81,29.82,29.84,29.85,700,500,3000,2100,51300,100,700,200,200,1500,300,400,100,300,1900,1500,500,600,16600,16700
327.0,29.6,26300,781628.0,29.6,29.57,29.56,29.54,29.53,29.51,29.5,29.46,29.42,29.41,29.64,29.65,29.68,29.7,29.79,29.8,29.81,29.82,29.84,29.85,700,500,3000,2100,51300,100,700,200,200,1500,300,400,100,300,1900,1500,500,600,16600,16700
328.0,29.6,26300,781628.0,29.6,29.57,29.56,29.54,29.53,29.51,29.5,29.46,29.42,29.41,29.64,29.65,29.68,29.7,29.79,29.8,29.81,29.82,29.84,29.85,700,500,3000,2100,51300,100,700,200,200,1500,300,400,100,300,1900,1500,500,600,16600,16700
329.0,29.6,26300,781628.0,29.6,29.57,29.56,29.54,29.53,29.51,29.5,29.46,29.42,29.41,29.64,29.65,29.68,29.7,29.79,29.8,29.81,29.82,29.84,29.85,700,500,3000,2100,51300,100,700,200,200,1500,300,400,100,300,1900,1500,500,600,16600,16700
330.0,29.6,26300,781628.0,29.6,29.57,29.56,29.54,29.53,29.51,29.5,29.46,29.42,29.41,29.64,29.65,29.68,29.7,29.79,29.8,29.81,29.82,29.84,29.85,700,500,3000,2100,51300,100,700,200,200,1500,300,400,100,300,1900,1500,500,600,16600,16700
331.0,29.6,26300,781628.0,29.6,29.57,29.56,29.54,29.53,29.51,29.5,29.46,29.42,29.41,29.64,29.65,29.68,29.7,29.79,29.8,29.81,29.82,29.84,29.85,700,500,3000,2100,51300,100,700,200,200,1500,300,400,100,300,1900,1500,500,600,16600,16700
332.0,29.6,26300,781628.0,29.6,29.57,29.56,29.54,29.53,29.51,29.5,29.46,29.42,29.41,29.64,29.65,29.68,29.7,29.79,29.8,29.81,29.82,29.84,29.85,700,500,3000,2100,51300,100,700,200,200,1500,300,400,100,300,1900,1500,500,600,16600,16700
333.0,29.6,26300,781628.0,29.6,29.57,29.56,29.54,29.53,29.51,29.5,29.46,29.42,29.41,29.64,29.65,29.68,29.7,29.79,29.8,29.81,29.82,29.84,29.85,700,500,3000,2100,51300,100,700,200,200,1500,300,400,100,300,1900,1500,500,600,16600,16700
334.0,29.6,26300,781628.0,29.6,29.57,29.56,29.54,29.53,29.51,29.5,29.46,29.42,29.41,29.64,29.65,29.68,29.7,29.79,29.8,29.81,29.82,29.84,29.85,700,500,3000,2100,51300,100,700,200,200,1500,300,400,100,300,1900,1500,500,600,16600,16700
335.0,29.6,26300,781628.0,29.6,29.57,29.56,29.54,29.53,29.51,29.5,29.46,29.42,29.41,29.64,29.65,29.68,29.7,29.79,29.8,29.81,29.82,29.84,29.85,700,500,3000,2100,51300,100,700,200,200,1500,300,400,100,300,1900,1500,500,600,16600,16700
336.0,29.6,26300,781628.0,29.6,29.57,29.56,29.54,29.53,29.51,29.5,29.46,29.42,29.41,29.64,29.65,29.68,29.7,29.79,29.8,29.81,29.82,29.84,29.85,700,500,3000,2100,51300,100,700,200,200,1500,300,400,100,300,1900,1500,500,600,16600,16700
337.0,29.6,26400,784588.0,29.6,29.57,29.56,29.54,29.53,29.51,29.5,29.46,29.42,29.41,29.64,29.65,29.68,29.7,29.79,29.8,29.81,29.82,29.84,29.85,600,500,3000,2100,51300,100,700,200,200,1500,300,400,100,300,1900,1500,500,600,16600,16700
338.0,29.6,26600,790508.0,29.6,29.57,29.56,29.54,29.53,29.51,29.5,29.46,29.42,29.41,29.64,29.65,29.68,29.7,29.79,29.8,29.81,29.82,29.84,29.85,400,500,3000,2100,51300,100,700,200,200,1500,300,400,100,300,1900,1500,500,600,16600,16700
339.0,29.6,26600,790508.0,29.6,29.57,29.56,29.54,29.53,29.51,29.5,29.46,29.42,29.41,29.64,29.65,29.68,29.7,29.79,29.8,29.81,29.82,29.84,29.85,400,500,3000,2100,51300,100,700,200,200,1500,300,400,100,300,1900,1500,500,600,16600,16700
340.0,29.6,26600,790508.0,29.6,29.57,29.56,29.54,29.53,29.51,29.5,29.46,29.42,29.41,29.64,29.65,29.68,29.7,29.79,29.8,29.81,29.82,29.84,29.85,400,500,3000,2100,51300,100,700,200,200,1500,300,400,100,300,1900,1500,500,600,16600,16700
341.0,29.6,26600,790508.0,29.6,29.57,29.56,29.54,29.53,29.51,29.5,29.46,29.42,29.41,29.64,29.65,29.68,29.7,29.79,29.8,29.81,29.82,29.84,29.85,400,500,3000,2100,51300,100,700,200,200,1500,300,400,100,300,1900,1500,500,600,16600,16700
342.0,29.6,26600,790508.0,29.6,29.57,29.56,29.54,29.53,29.51,29.5,29.46,29.42,29.41,29.64,29.65,29.68,29.7,29.79,29.8,29.81,29.82,29.84,29.85,400,500,3000,2100,51300,100,700,200,200,1500,300,400,100,300,1900,1500,500,600,16600,16700
343.0,29.6,26600,790508.0,29.6,29.57,29.56,29.54,29.53,29.51,29.5,29.46,29.42,29.41,29.64,29.65,29.68,29.7,29.79,29.8,29.81,29.82,29.84,29.85,400,500,3000,2100,51300,100,700,200,200,1500,300,400,100,300,1900,1500,500,600,16600,16700
344.0,29.6,26600,790508.0,29.6,29.57,29.56,29.54,29.53,29.51,29.5,29.46,29.42,29.41,29.64,29.65,29.68,29.7,29.79,29.8,29.81,29.82,29.84,29.85,400,500,3000,2100,51300,100,700,200,200,1500,300,400,100,300,1900,1500,500,600,16600,16700
345.0,29.6,26600,790508.0,29.6,29.57,29.56,29.54,29.53,29.51,29.5,29.46,29.42,29.41,29.64,29.65,29.68,29.7,29.79,29.8,29.81,29.82,29.84,29.85,400,500,3000,2100,51300,100,700,200,200,1500,300,400,100,300,1900,1500,500,600,16600,16700
346.0,29.6,26600,790508.0,29.6,29.57,29.56,29.54,29.53,29.51,29.5,29.46,29.42,29.41,29.64,29.65,29.68,29.7,29.79,29.8,29.81,29.82,29.84,29.85,400,500,3000,2100,51300,100,700,200,200,1500,300,400,100,300,1900,1500,500,600,16600,16700
347.0,29.6,26600,790508.0,29.6,29.57,29.56,29.54,29.53,29.51,29.5,29.46,29.42,29.41,29.64,29.65,29.68,29.7,29.79,29.8,29.81,29.82,29.84,29.85,400,500,3000,2100,51300,100,700,200,200,1500,300,400,100,300,1900,1500,500,600,16600,16700
348.0,29.6,26600,790508.0,29.6,29.57,29.56,29.54,29.53,29.51,29.5,29.46,29.42,29.41,29.64,29.65,29.68,29.7,29.79,29.8,29.81,29.82,29.84,29.85,400,500,3000,2100,51300,100,700,200,200,1500,300,400,100,300,1900,1500,500,600,16600,16700
349.0,29.6,26600,790508.0,29.6,29.57,29.56,29.54,29.53,29.51,29.5,29.46,29.42,29.41,29.64,29.65,29.68,29.7,29.79,29.8,29.81,29.82,29.84,29.85,400,500,3000,2100,51300,100,700,200,200,1500,300,400,100,300,1900,1500,500,600,16600,16700
350.0,29.6,26600,790508.0,29.6,29.57,29.56,29.54,29.53,29.51,29.5,29.46,29.42,29.41,29.64,29.65,29.68,29.7,29.79,29.8,29.81,29.82,29.84,29.85,400,500,3000,2100,51300,100,700,200,200,1500,300,400,100,300,1900,1500,500,600,16600,16700
351.0,29.6,26600,790508.0,29.6,29.57,29.56,29.54,29.53,29.51,29.5,29.46,29.42,29.41,29.64,29.65,29.68,29.7,29.79,29.8,29.81,29.82,29.84,29.85,500,500,3000,2100,51300,100,700,200,200,1500,300,400,100,300,1900,1500,500,600,16600,16700
352.0,29.6,26600,790508.0,29.6,29.57,29.56,29.54,29.53,29.51,29.5,29.46,29.42,29.41,29.64,29.65,29.68,29.7,29.79,29.8,29.81,29.82,29.84,29.85,500,500,3000,2100,51300,100,700,200,200,1500,300,400,100,300,1900,1500,500,600,16600,16700
353.0,29.6,26600,790508.0,29.6,29.57,29.56,29.54,29.53,29.51,29.5,29.46,29.42,29.41,29.64,29.65,29.68,29.7,29.79,29.8,29.81,29.82,29.84,29.85,500,500,3000,2100,51300,100,700,200,200,1500,300,400,100,300,1900,1500,500,600,16600,16700
354.0,29.6,26600,790508.0,29.6,29.57,29.56,29.54,29.53,29.51,29.5,29.46,29.42,29.41,29.64,29.65,29.68,29.7,29.79,29.8,29.81,29.82,29.84,29.85,500,500,3000,2100,51300,100,700,200,200,1500,300,400,100,300,1900,1500,500,600,16600,16700
355.0,29.6,26600,790508.0,29.6,29.57,29.56,29.54,29.53,29.51,29.5,29.46,29.42,29.41,29.64,29.65,29.68,29.7,29.79,29.8,29.81,29.82,29.84,29.85,500,500,3000,2100,51300,100,700,200,200,1500,300,400,100,300,1900,1500,500,600,16600,16700
356.0,29.6,26600,790508.0,29.6,29.57,29.56,29.54,29.53,29.51,29.5,29.46,29.42,29.41,29.64,29.65,29.68,29.7,29.79,29.8,29.81,29.82,29.84,29.85,500,500,3000,2100,51300,100,700,200,200,1500,300,400,100,300,1900,1500,500,600,16600,16700
357.0,29.6,26600,790508.0,29.6,29.57,29.56,29.54,29.53,29.51,29.5,29.46,29.42,29.41,29.64,29.65,29.68,29.7,29.79,29.8,29.81,29.82,29.84,29.85,500,500,3000,2100,51300,100,700,200,200,1500,300,400,100,300,1900,1500,500,600,16600,16700
358.0,29.6,26600,790508.0,29.6,29.57,29.56,29.54,29.53,29.51,29.5,29.46,29.42,29.41,29.64,29.65,29.68,29.7,29.79,29.8,29.81,29.82,29.84,29.85,500,500,3000,2100,51300,100,700,200,200,1500,300,400,100,300,1900,1500,500,600,16600,16700
359.0,29.6,26600,790508.0,29.6,29.57,29.56,29.54,29.53,29.51,29.5,29.46,29.42,29.41,29.64,29.65,29.68,29.7,29.79,29.8,29.81,29.82,29.84,29.85,500,500,3000,2100,51300,100,700,200,200,1500,300,400,100,300,1900,1500,500,600,16600,16700
360.0,29.6,26600,790508.0,29.6,29.57,29.56,29.54,29.53,29.51,29.5,29.46,29.42,29.41,29.64,29.65,29.68,29.7,29.79,29.8,29.81,29.82,29.84,29.85,500,500,3000,2100,51300,100,700,200,200,1500,300,400,100,300,1900,1500,500,600,16600,16700
361.0,29.6,26600,790508.0,29.6,29.57,29.56,29.54,29.53,29.51,29.5,29.46,29.42,29.41,29.64,29.65,29.68,29.7,29.79,29.8,29.81,29.82,29.84,29.85,500,500,3000,2100,51300,100,700,200,200,1500,300,400,100,300,1900,1500,500,600,16600,16700
362.0,29.6,26600,790508.0,29.6,29.57,29.56,29.54,29.53,29.51,29.5,29.46,29.42,29.41,29.64,29.65,29.68,29.7,29.79,29.8,29.81,29.82,29.84,29.85,700,500,3000,2100,51300,100,700,200,200,1500,300,400,100,300,1900,1500,500,600,16600,16700
363.0,29.6,26600,790508.0,29.6,29.57,29.56,29.54,29.53,29.51,29.5,29.46,29.42,29.41,29.64,29.65,29.68,29.7,29.79,29.8,29.81,29.82,29.84,29.85,700,500,3000,2100,51300,100,700,200,200,1500,300,400,100,300,1900,1500,500,600,16600,16700
364.0,29.6,26600,790508.0,29.6,29.57,29.56,29.54,29.53,29.51,29.5,29.46,29.42,29.41,29.64,29.65,29.68,29.7,29.79,29.8,29.81,29.82,29.84,29.85,700,500,3000,2100,51300,100,700,200,200,1500,300,400,100,300,1900,1500,500,600,16600,16700
365.0,29.6,26600,790508.0,29.6,29.57,29.56,29.54,29.53,29.51,29.5,29.46,29.42,29.41,29.64,29.65,29.68,29.7,29.79,29.8,29.81,29.82,29.84,29.85,700,800,3000,2100,51300,100,700,200,200,1500,300,400,100,300,1900,1500,500,600,16600,16700
366.0,29.6,26600,790508.0,29.6,29.57,29.56,29.54,29.53,29.51,29.5,29.46,29.42,29.41,29.64,29.65,29.68,29.7,29.79,29.8,29.81,29.82,29.84,29.85,700,800,3000,2100,51300,100,700,200,200,1500,300,400,100,300,1900,1500,500,600,16600,16700
367.0,29.6,26600,790508.0,29.6,29.57,29.56,29.54,29.53,29.51,29.5,29.46,29.42,29.41,29.64,29.65,29.68,29.7,29.79,29.8,29.81,29.82,29.84,29.85,700,800,3000,2100,51300,100,700,200,200,1500,300,400,100,300,1900,1500,500,600,16600,16700
368.0,29.6,26600,790508.0,29.6,29.57,29.56,29.54,29.53,29.51,29.5,29.46,29.42,29.41,29.64,29.65,29.68,29.7,29.79,29.8,29.81,29.82,29.84,29.85,700,800,3000,2100,51300,100,700,200,200,1500,300,400,100,300,1900,1500,500,600,16600,16700
369.0,29.6,26700,793468.0,29.61,29.6,29.57,29.56,29.54,29.53,29.51,29.5,29.46,29.42,29.64,29.65,29.68,29.79,29.8,29.81,29.82,29.84,29.85,29.86,200,50600,800,3000,2100,51300,100,700,200,200,300,400,100,1900,1500,500,600,16600,16700,800
370.0,29.6,26700,793468.0,29.61,29.6,29.57,29.56,29.54,29.53,29.51,29.5,29.46,29.42,29.64,29.65,29.68,29.79,29.8,29.81,29.82,29.84,29.85,29.86,900,50600,800,3000,2100,51300,100,700,200,200,300,400,100,1900,1500,500,600,16600,16700,800
371.0,29.65,27400,814220.0,29.66,29.64,29.61,29.6,29.57,29.56,29.54,29.53,29.51,29.5,29.68,29.79,29.8,29.81,29.82,29.84,29.85,29.86,29.88,29.9,1600,800,1000,50600,700,3000,2100,51300,100,700,100,1900,1500,500,600,16600,16700,800,1100,1000
372.0,29.65,27400,814220.0,29.66,29.64,29.61,29.6,29.57,29.56,29.54,29.53,29.51,29.5,29.68,29.79,29.8,29.81,29.82,29.84,29.85,29.86,29.88,29.9,1600,800,1000,50600,700,3000,2100,51300,100,700,100,1900,1500,500,600,16600,16700,800,1100,1000
373.0,29.65,27400,814220.0,29.66,29.64,29.61,29.6,29.57,29.56,29.54,29.53,29.51,29.5,29.68,29.79,29.8,29.81,29.82,29.84,29.85,29.86,29.88,29.9,1600,800,1000,50600,700,1000,2100,51300,100,700,100,1900,1500,500,600,16600,16700,800,1100,1000
374.0,29.68,27600,820154.0,29.68,29.66,29.64,29.61,29.6,29.57,29.56,29.54,29.53,29.51,29.79,29.8,29.81,29.82,29.84,29.85,29.86,29.88,29.9,29.98,2400,1700,600,1000,50400,700,1000,2100,51300,100,1900,1500,500,600,16600,16700,800,1100,1000,1500
375.0,29.68,27600,820154.0,29.68,29.66,29.64,29.61,29.6,29.57,29.56,29.54,29.53,29.51,29.77,29.78,29.79,29.8,29.81,29.82,29.84,29.85,29.86,29.88,2400,1900,600,1000,50400,700,1000,2100,51300,100,1100,1400,1900,1500,500,600,16600,16700,800,1100
376.0,29.68,27600,820154.0,29.68,29.66,29.64,29.61,29.6,29.57,29.56,29.54,29.53,29.51,29.77,29.78,29.79,29.8,29.81,29.82,29.84,29.85,29.86,29.88,2400,1900,600,1000,50400,700,1000,2100,51300,100,1100,1400,1900,1500,500,600,16600,16700,800,1100
377.0,29.68,27700,823122.0,29.68,29.66,29.61,29.6,29.57,29.56,29.54,29.53,29.51,29.5,29.75,29.76,29.77,29.79,29.8,29.81,29.82,29.84,29.85,29.86,2300,1900,1000,50400,700,1000,2100,51300,100,700,700,700,1200,1900,1500,500,600,16600,16700,800
378.0,29.75,28000,832033.0,29.68,29.66,29.61,29.6,29.57,29.56,29.54,29.53,29.51,29.5,29.75,29.76,29.77,29.79,29.8,29.81,29.82,29.84,29.85,29.86,2100,1900,1000,50400,700,1000,2100,51300,100,700,600,300,100,1900,1500,500,600,16600,16700,800
379.0,29.75,28000,832033.0,29.68,29.66,29.61,29.6,29.57,29.56,29.54,29.53,29.51,29.5,29.75,29.76,29.77,29.79,29.8,29.81,29.82,29.84,29.85,29.86,2100,1900,1000,50400,700,1000,2100,51300,100,700,600,500,100,1900,1500,500,600,16600,16700,800
380.0,29.75,28000,832033.0,29.68,29.66,29.61,29.6,29.57,29.56,29.54,29.53,29.51,29.5,29.75,29.76,29.77,29.79,29.8,29.81,29.82,29.84,29.85,29.86,2100,1900,1000,50400,700,1000,2100,51300,100,700,600,500,100,1900,1500,500,600,16600,16700,800
381.0,29.75,28000,832033.0,29.68,29.66,29.61,29.6,29.57,29.56,29.54,29.53,29.51,29.5,29.75,29.76,29.77,29.79,29.8,29.81,29.82,29.84,29.85,29.86,2100,1900,1000,50400,700,1000,2100,51300,100,700,600,500,100,1900,1500,500,600,16600,16700,800
382.0,29.75,28000,832033.0,29.68,29.66,29.61,29.6,29.57,29.56,29.54,29.53,29.51,29.5,29.75,29.76,29.77,29.79,29.8,29.81,29.82,29.84,29.85,29.86,2100,1900,1000,50400,700,1000,2100,51300,100,700,600,500,100,1900,1500,500,600,16600,16700,800
383.0,29.75,28200,837983.0,29.68,29.66,29.61,29.6,29.57,29.56,29.54,29.53,29.51,29.5,29.75,29.76,29.77,29.79,29.8,29.81,29.82,29.84,29.85,29.86,2200,1900,1000,50400,700,1000,2100,51300,100,700,400,500,100,1900,1500,500,600,16600,16700,800
384.0,29.75,28200,837983.0,29.68,29.66,29.61,29.6,29.57,29.56,29.54,29.53,29.51,29.5,29.75,29.76,29.77,29.79,29.8,29.81,29.82,29.84,29.85,29.86,2200,1900,1000,50400,700,1000,2100,51300,100,700,400,500,100,1900,1500,500,600,16600,16700,800
385.0,29.75,28200,837983.0,29.68,29.66,29.61,29.6,29.57,29.56,29.54,29.53,29.51,29.5,29.75,29.76,29.77,29.79,29.8,29.81,29.82,29.84,29.85,29.86,2200,1900,1000,50400,700,1000,2100,51300,100,700,400,500,100,1900,1500,500,600,16600,16700,800
386.0,29.75,28200,837983.0,29.68,29.66,29.61,29.6,29.57,29.56,29.54,29.53,29.51,29.5,29.75,29.76,29.77,29.79,29.8,29.81,29.82,29.84,29.85,29.86,2200,1900,1000,50400,700,1000,2100,51300,100,700,400,300,100,1900,1500,500,600,16600,16700,800
387.0,29.75,28200,837983.0,29.68,29.66,29.61,29.6,29.57,29.56,29.54,29.53,29.51,29.5,29.75,29.76,29.77,29.79,29.8,29.81,29.82,29.84,29.85,29.86,2200,1700,1000,50400,700,1000,2100,51300,100,700,400,300,100,1900,1500,500,600,16600,16700,800
388.0,29.75,28200,837983.0,29.69,29.68,29.66,29.61,29.6,29.57,29.56,29.54,29.53,29.51,29.75,29.76,29.77,29.79,29.8,29.81,29.82,29.84,29.85,29.86,200,2200,1700,1000,50400,700,1000,2100,51300,100,400,300,100,1900,1500,500,600,16600,16200,800
389.0,29.75,28200,837983.0,29.69,29.68,29.66,29.61,29.6,29.57,29.56,29.54,29.53,29.51,29.75,29.76,29.77,29.79,29.8,29.81,29.82,29.84,29.85,29.86,300,2200,1700,900,50400,700,1000,2100,51300,100,400,300,100,1900,1500,500,600,16600,16200,800
390.0,29.75,28200,837983.0,29.69,29.68,29.66,29.61,29.6,29.57,29.56,29.54,29.53,29.51,29.75,29.76,29.77,29.79,29.8,29.81,29.82,29.84,29.85,29.86,300,2200,1700,900,50400,700,1000,2100,51300,100,400,300,100,1900,1500,500,600,16600,16200,800
391.0,29.75,28200,837983.0,29.69,29.68,29.66,29.61,29.6,29.57,29.56,29.54,29.53,29.51,29.75,29.76,29.77,29.79,29.8,29.81,29.82,29.84,29.85,29.86,300,2200,1700,900,50400,700,1000,2100,51300,100,400,200,100,1900,1500,500,600,16600,16200,800
392.0,29.75,28200,837983.0,29.69,29.68,29.66,29.61,29.6,29.57,29.56,29.54,29.53,29.51,29.75,29.76,29.77,29.79,29.8,29.81,29.82,29.84,29.85,29.86,300,2200,1700,900,50400,700,1000,2100,51300,100,400,200,100,1900,1500,500,600,16600,16200,800
393.0,29.75,28200,837983.0,29.69,29.68,29.66,29.61,29.6,29.57,29.56,29.54,29.53,29.51,29.75,29.76,29.77,29.79,29.8,29.81,29.82,29.84,29.85,29.86,300,2200,1700,900,50400,700,1000,2100,51300,100,400,200,100,1900,1500,500,600,16600,16200,800
394.0,29.75,28200,837983.0,29.69,29.68,29.66,29.61,29.6,29.57,29.56,29.54,29.53,29.51,29.75,29.76,29.77,29.79,29.8,29.81,29.82,29.84,29.85,29.86,300,2200,1700,900,50400,700,1000,2100,51300,100,400,200,100,1900,1500,500,600,16600,16200,800
395.0,29.75,28200,837983.0,29.69,29.68,29.66,29.61,29.6,29.57,29.56,29.54,29.53,29.51,29.75,29.76,29.77,29.79,29.8,29.81,29.82,29.84,29.85,29.86,300,2200,1700,900,50400,700,1000,2100,51300,100,400,100,100,1900,1500,500,600,16600,16200,800
396.0,29.75,28200,837983.0,29.69,29.68,29.66,29.61,29.6,29.57,29.56,29.54,29.53,29.51,29.75,29.77,29.79,29.8,29.81,29.82,29.84,29.85,29.86,29.88,300,2200,1700,900,50400,700,1000,2100,51300,100,400,100,1900,1500,500,600,16600,16200,800,1100
397.0,29.75,28200,837983.0,29.69,29.68,29.66,29.61,29.6,29.57,29.56,29.54,29.53,29.51,29.75,29.77,29.79,29.8,29.81,29.82,29.84,29.85,29.86,29.88,300,2200,1700,900,50400,700,1000,2100,51300,100,400,100,1900,1500,500,600,16600,16200,800,1100
398.0,29.75,28200,837983.0,29.69,29.68,29.66,29.61,29.6,29.57,29.56,29.54,29.53,29.51,29.75,29.77,29.79,29.8,29.81,29.82,29.84,29.85,29.86,29.88,300,2200,1700,900,50400,700,1000,2100,51300,100,400,100,1900,1500,500,600,16600,16200,800,1100
399.0,29.75,28200,837983.0,29.69,29.68,29.66,29.61,29.6,29.57,29.56,29.54,29.53,29.51,29.75,29.77,29.79,29.8,29.81,29.82,29.84,29.85,29.86,29.88,300,2200,1700,900,50400,700,1000,2100,51300,100,400,100,1900,1500,500,600,16600,16200,800,1100
400.0,29.75,28200,837983.0,29.69,29.68,29.66,29.61,29.6,29.57,29.56,29.54,29.53,29.51,29.75,29.77,29.79,29.8,29.81,29.82,29.84,29.85,29.86,29.88,300,2200,1700,900,50400,700,1000,2100,51300,100,400,100,1900,1500,500,600,16600,16200,800,1100
401.0,29.75,28200,837983.0,29.69,29.68,29.66,29.61,29.6,29.57,29.56,29.54,29.53,29.51,29.75,29.77,29.79,29.8,29.81,29.82,29.84,29.85,29.86,29.88,300,2200,1700,900,50400,700,1000,2100,51300,100,400,100,1900,1500,500,600,16600,16200,800,1100
402.0,29.75,28200,837983.0,29.69,29.68,29.66,29.61,29.6,29.57,29.56,29.54,29.53,29.51,29.75,29.77,29.79,29.8,29.81,29.82,29.84,29.85,29.86,29.88,300,2200,1700,900,50400,700,1000,2100,51300,100,400,100,1900,1500,500,600,16600,16200,800,1100
403.0,29.75,28200,837983.0,29.69,29.68,29.66,29.61,29.6,29.57,29.56,29.54,29.53,29.51,29.75,29.77,29.79,29.8,29.81,29.82,29.84,29.85,29.86,29.88,300,2200,1700,900,50400,700,1000,2100,51300,100,400,100,1900,1500,500,600,16600,16200,800,1100
404.0,29.75,28200,837983.0,29.69,29.68,29.66,29.61,29.6,29.57,29.56,29.54,29.53,29.51,29.75,29.77,29.79,29.8,29.81,29.82,29.84,29.85,29.86,29.88,300,2200,1700,900,50400,700,1000,2100,51300,100,400,100,1900,1500,500,600,16600,16200,800,1100
405.0,29.75,28200,837983.0,29.69,29.68,29.66,29.61,29.6,29.57,29.56,29.54,29.53,29.51,29.75,29.77,29.79,29.8,29.81,29.82,29.84,29.85,29.86,29.88,300,2200,1700,900,50400,700,1000,2100,51300,100,400,100,1900,1500,500,600,16600,16200,800,1100
406.0,29.75,28200,837983.0,29.69,29.68,29.66,29.61,29.6,29.57,29.56,29.54,29.53,29.51,29.75,29.77,29.79,29.8,29.81,29.82,29.84,29.85,29.86,29.88,300,2200,1700,900,50400,700,1000,2100,51300,100,400,100,1900,1500,500,600,16600,16200,800,1100
407.0,29.75,28200,837983.0,29.69,29.68,29.66,29.61,29.6,29.57,29.56,29.54,29.53,29.51,29.75,29.77,29.79,29.8,29.81,29.82,29.84,29.85,29.86,29.88,300,2200,1700,900,50400,700,1000,2100,51300,100,400,100,1900,1500,500,600,16600,16200,800,1100
408.0,29.75,28200,837983.0,29.69,29.68,29.66,29.61,29.6,29.57,29.56,29.54,29.53,29.51,29.75,29.77,29.79,29.8,29.81,29.82,29.84,29.85,29.86,29.88,300,2200,1700,900,50400,700,1000,2100,51300,100,400,100,1900,1500,500,600,16600,16200,800,1100
409.0,29.75,28200,837983.0,29.69,29.68,29.66,29.61,29.6,29.57,29.56,29.54,29.53,29.51,29.75,29.77,29.79,29.8,29.81,29.82,29.84,29.85,29.86,29.88,300,2200,1700,900,50400,700,1000,2100,51300,100,400,100,1900,1500,500,600,16600,16200,800,1100
410.0,29.75,28200,837983.0,29.69,29.68,29.66,29.61,29.6,29.57,29.56,29.54,29.53,29.51,29.75,29.77,29.79,29.8,29.81,29.82,29.84,29.85,29.86,29.88,300,2200,1700,900,50400,700,1000,2100,51300,100,400,100,1900,1500,500,600,16600,16200,800,1100
411.0,29.75,28200,837983.0,29.69,29.68,29.66,29.61,29.6,29.57,29.56,29.54,29.53,29.51,29.75,29.77,29.79,29.8,29.81,29.82,29.84,29.85,29.86,29.88,300,2200,1700,900,50400,700,1000,2100,51300,100,400,100,1900,1500,500,600,16600,16200,800,1100
412.0,29.75,28200,837983.0,29.69,29.68,29.66,29.61,29.6,29.57,29.56,29.54,29.53,29.51,29.75,29.77,29.79,29.8,29.81,29.82,29.84,29.85,29.86,29.88,300,2200,1700,900,50400,700,1000,2100,51300,100,400,100,1900,1500,500,600,16600,16200,800,1100
413.0,29.75,28200,837983.0,29.69,29.68,29.66,29.61,29.6,29.57,29.56,29.54,29.53,29.51,29.75,29.77,29.79,29.8,29.81,29.82,29.84,29.85,29.86,29.88,300,2200,1700,900,50400,700,1000,2100,51300,100,400,100,1900,1500,500,600,16600,16200,800,1100
414.0,29.75,28200,837983.0,29.69,29.68,29.66,29.61,29.6,29.57,29.56,29.54,29.53,29.51,29.75,29.77,29.79,29.8,29.81,29.82,29.84,29.85,29.86,29.88,300,2200,1700,900,50400,700,1000,2100,51300,100,400,100,1900,1500,500,600,16600,16200,800,1100
415.0,29.75,28200,837983.0,29.69,29.68,29.66,29.61,29.6,29.57,29.56,29.54,29.53,29.51,29.75,29.77,29.79,29.8,29.81,29.82,29.84,29.85,29.86,29.88,300,2200,1700,900,50400,700,1000,2100,51300,100,400,100,1900,1500,500,600,16600,16200,800,1100
416.0,29.75,28200,837983.0,29.69,29.68,29.66,29.61,29.6,29.57,29.56,29.54,29.53,29.51,29.75,29.77,29.79,29.8,29.81,29.82,29.84,29.85,29.86,29.88,300,2200,1700,900,50400,700,1000,2100,51300,100,400,100,1900,1500,500,600,16600,16200,800,1100
417.0,29.69,28400,843921.0,29.69,29.68,29.66,29.61,29.6,29.57,29.56,29.54,29.53,29.51,29.75,29.77,29.79,29.8,29.81,29.82,29.84,29.85,29.86,29.88,100,2200,1700,900,50400,700,1000,2100,51300,100,400,100,1900,1500,500,600,16600,16200,800,1100
418.0,29.69,28400,843921.0,29.69,29.68,29.66,29.61,29.6,29.57,29.56,29.54,29.53,29.51,29.75,29.77,29.79,29.8,29.81,29.82,29.84,29.85,29.86,29.88,100,2200,1700,900,50400,700,1000,2100,51300,100,400,100,1900,1500,500,600,16600,16200,800,1100
419.0,29.69,28400,843921.0,29.69,29.68,29.66,29.61,29.6,29.57,29.56,29.54,29.53,29.51,29.75,29.77,29.79,29.8,29.81,29.82,29.84,29.85,29.86,29.88,200,2200,1700,900,50400,700,1000,2100,51300,100,400,100,1900,1500,500,600,16600,16200,800,1100
420.0,29.69,28400,843921.0,29.69,29.68,29.66,29.61,29.6,29.57,29.56,29.54,29.53,29.51,29.75,29.77,29.79,29.8,29.81,29.82,29.84,29.85,29.86,29.88,200,2200,1700,900,50400,700,1000,2100,51300,100,400,100,1900,1500,500,600,16600,16200,800,1100
421.0,29.69,28400,843921.0,29.69,29.68,29.66,29.61,29.6,29.57,29.56,29.54,29.53,29.51,29.75,29.77,29.79,29.8,29.81,29.82,29.84,29.85,29.86,29.88,200,2200,1700,900,50400,700,1000,2100,51300,100,400,100,1900,1500,500,600,16600,16200,800,1100
422.0,29.69,28400,843921.0,29.69,29.68,29.66,29.61,29.6,29.57,29.56,29.54,29.53,29.51,29.75,29.77,29.79,29.8,29.81,29.82,29.84,29.85,29.86,29.88,200,2200,1700,900,50400,700,1000,2100,51300,100,400,100,1900,1500,500,600,16600,16200,800,1100
423.0,29.69,28400,843921.0,29.69,29.68,29.66,29.61,29.6,29.57,29.56,29.54,29.53,29.51,29.75,29.77,29.79,29.8,29.81,29.82,29.84,29.85,29.86,29.88,200,2200,1700,900,50400,700,1000,2100,51300,100,400,100,1900,1500,500,600,16600,16200,800,1100
424.0,29.69,28400,843921.0,29.69,29.68,29.66,29.61,29.6,29.57,29.56,29.54,29.53,29.51,29.75,29.77,29.79,29.8,29.81,29.82,29.84,29.85,29.86,29.88,300,2200,1700,900,50400,700,1000,2100,51300,100,400,100,1900,1500,500,600,16600,16200,800,1100
425.0,29.69,28400,843921.0,29.69,29.68,29.66,29.61,29.6,29.57,29.56,29.54,29.53,29.51,29.75,29.77,29.79,29.8,29.81,29.82,29.84,29.85,29.86,29.88,300,2200,1700,900,50400,700,1000,2100,51300,100,400,100,1900,1500,500,600,16600,16200,800,1100
426.0,29.69,28400,843921.0,29.69,29.68,29.66,29.61,29.6,29.57,29.56,29.54,29.53,29.51,29.75,29.77,29.79,29.8,29.81,29.82,29.84,29.85,29.86,29.88,300,2200,1700,900,50400,700,1000,2100,51300,100,400,100,1900,1500,500,600,16600,16200,800,1100
