LocalTime,LastPrice,TradeVolume,TradeValue,BidPrice1,BidPrice2,BidPrice3,BidPrice4,BidPrice5,BidPrice6,BidPrice7,BidPrice8,BidPrice9,BidPriceA,AskPrice1,AskPrice2,AskPrice3,AskPrice4,AskPrice5,AskPrice6,AskPrice7,AskPrice8,AskPrice9,AskPriceA,BidVolume1,BidVolume2,BidVolume3,BidVolume4,BidVolume5,BidVolume6,BidVolume7,BidVolume8,BidVolume9,BidVolumeA,AskVolume1,AskVolume2,AskVolume3,AskVolume4,AskVolume5,AskVolume6,AskVolume7,AskVolume8,AskVolume9,AskVolumeA
0.0,19.23,3800,73074.0,19.09,19.07,19.06,19.05,19.03,19.02,18.98,18.97,18.96,18.92,19.24,19.25,19.26,19.3,19.35,19.38,19.4,19.44,19.5,19.55,1200,1000,2000,3600,10000,1000,300,10000,300,1800,1900,2200,1000,5000,1200,300,1000,3000,500,1100
1.0,19.23,3800,73074.0,19.09,19.07,19.06,19.05,19.04,19.03,19.02,18.98,18.97,18.96,19.14,19.22,19.23,19.24,19.25,19.26,19.3,19.35,19.38,19.4,1200,1000,2000,15700,2000,10000,16600,15300,10000,300,400,3100,2900,1900,2200,1000,5000,1200,300,1000
2.0,19.23,3800,73074.0,19.1,19.09,19.07,19.06,19.05,19.04,19.03,19.02,19.0,18.98,19.14,19.22,19.23,19.24,19.25,19.26,19.3,19.35,19.38,19.4,200,1100,1000,2000,15700,2000,10000,16600,500,15300,400,3100,3900,1900,2200,1000,5000,1200,300,1000
3.0,19.23,3800,73074.0,19.1,19.09,19.07,19.06,19.05,19.04,19.03,19.02,19.0,18.98,19.14,19.22,19.23,19.24,19.25,19.26,19.3,19.34,19.35,19.38,200,1000,1000,2000,15700,2000,10500,16600,500,15300,400,8300,3900,2900,2200,1000,5000,1100,1200,300
4.0,19.14,4100,78816.0,19.1,19.09,19.07,19.06,19.05,19.04,19.03,19.02,19.0,18.98,19.14,19.22,19.23,19.24,19.25,19.26,19.29,19.3,19.34,19.35,200,1000,4000,2000,16200,2000,10500,16600,500,15300,100,8300,3900,2900,2200,1000,800,5000,1100,2200
5.0,19.14,4200,80730.0,19.14,19.1,19.09,19.07,19.06,19.05,19.04,19.03,19.02,19.0,19.22,19.23,19.24,19.25,19.26,19.29,19.3,19.34,19.35,19.38,300,600,1000,4000,2000,16200,4000,10500,16600,500,8300,3900,2900,2200,1000,800,5000,1100,2200,300
6.0,19.14,4400,84558.0,19.14,19.1,19.09,19.07,19.06,19.05,19.04,19.03,19.02,19.01,19.18,19.22,19.23,19.24,19.25,19.26,19.29,19.3,19.34,19.35,500,900,1000,4100,2000,16200,4300,10500,16600,200,200,8300,3900,3700,2200,1000,1800,5000,1100,2200
7.0,19.14,4400,84558.0,19.14,19.1,19.09,19.07,19.06,19.05,19.04,19.03,19.02,19.01,19.18,19.22,19.23,19.24,19.25,19.26,19.29,19.3,19.34,19.35,600,900,1000,4100,2000,26200,4300,12200,16600,200,200,9300,4000,3700,2200,1600,1800,5000,1100,2200
8.0,19.18,4500,86476.0,19.14,19.1,19.09,19.07,19.06,19.05,19.04,19.03,19.02,19.01,19.18,19.22,19.23,19.24,19.25,19.26,19.29,19.3,19.34,19.35,700,900,1000,4600,2000,26200,4300,12200,16900,200,100,9300,4000,3700,2200,1600,2600,4000,1100,1200
9.0,19.18,4500,86476.0,19.14,19.1,19.09,19.07,19.06,19.05,19.04,19.03,19.02,19.01,19.18,19.22,19.23,19.24,19.25,19.26,19.29,19.3,19.34,19.35,700,900,1500,4600,2000,26200,4300,12200,16900,200,100,9300,4000,3700,2700,1600,2600,4000,1100,6200
10.0,19.18,4500,86476.0,19.14,19.1,19.09,19.07,19.06,19.05,19.04,19.03,19.02,19.01,19.18,19.22,19.23,19.24,19.25,19.26,19.29,19.3,19.34,19.35,800,900,1000,4600,12000,26200,4300,12200,16900,200,100,9800,4000,23900,2700,1600,12200,4000,1100,6200
11.0,19.14,5300,101788.0,19.1,19.09,19.07,19.06,19.05,19.04,19.03,19.02,19.01,19.0,19.17,19.18,19.21,19.22,19.23,19.24,19.25,19.26,19.28,19.29,900,1000,4600,12000,26200,4300,12200,16900,200,4000,200,100,200,9800,3800,23900,2700,1600,10500,12200
12.0,19.14,5300,101788.0,19.1,19.09,19.07,19.06,19.05,19.04,19.03,19.02,19.01,19.0,19.17,19.18,19.22,19.23,19.24,19.25,19.26,19.28,19.29,19.3,900,1000,4600,12000,26200,4300,12200,16900,200,4300,200,800,9800,3800,23900,2700,1600,10500,12200,4000
13.0,19.14,6800,130454.0,19.14,19.09,19.07,19.06,19.05,19.04,19.03,19.02,19.01,19.0,19.17,19.18,19.22,19.23,19.24,19.25,19.26,19.28,19.29,19.3,500,1000,4600,12000,26200,4300,12200,16900,200,4300,200,800,9800,3800,23900,2700,1600,10500,12200,4000
14.0,19.14,7000,134285.0,19.14,19.11,19.09,19.07,19.06,19.05,19.04,19.03,19.02,19.01,19.16,19.17,19.18,19.22,19.23,19.24,19.25,19.26,19.28,19.29,400,300,1000,4600,12000,26200,4300,12200,16900,200,300,200,800,9800,3800,23900,2700,1600,10500,12200
15.0,19.14,7000,134285.0,19.14,19.11,19.09,19.07,19.06,19.05,19.04,19.03,19.02,19.01,19.15,19.16,19.17,19.18,19.22,19.23,19.24,19.25,19.26,19.28,400,300,1000,4600,12000,26200,4300,12200,16900,200,300,400,200,800,9800,3800,23900,2700,1600,10500
16.0,19.16,7400,141946.0,19.14,19.11,19.09,19.07,19.06,19.05,19.04,19.03,19.02,19.01,19.16,19.17,19.18,19.22,19.23,19.24,19.25,19.26,19.28,19.29,400,300,1000,4600,12000,26200,4300,12200,16900,200,300,200,800,9800,3800,23900,2700,1600,10500,12200
17.0,19.14,7800,149602.0,19.11,19.09,19.07,19.06,19.05,19.04,19.03,19.02,19.01,19.0,19.15,19.16,19.17,19.18,19.22,19.23,19.24,19.25,19.26,19.28,300,1000,4600,12000,26200,4300,12200,16900,200,4300,200,100,200,700,9800,3800,23900,2700,1600,10500
18.0,19.14,7800,149602.0,19.11,19.09,19.07,19.06,19.05,19.04,19.03,19.02,19.01,19.0,19.14,19.15,19.16,19.17,19.18,19.22,19.23,19.24,19.25,19.26,300,1000,4600,12000,26200,4300,12200,16900,200,4300,100,200,100,200,700,9800,3800,23900,2700,1600
19.0,19.14,7800,149602.0,19.11,19.09,19.07,19.06,19.05,19.04,19.03,19.02,19.01,19.0,19.14,19.15,19.16,19.17,19.18,19.22,19.23,19.24,19.25,19.26,300,1000,4600,12000,26200,4300,12200,16900,200,4300,100,200,100,200,700,9800,3800,23900,2700,1600
20.0,19.11,8200,157246.0,19.09,19.07,19.06,19.05,19.04,19.03,19.02,19.01,19.0,18.98,19.11,19.14,19.15,19.16,19.17,19.18,19.22,19.23,19.24,19.25,1000,4600,12000,25900,4300,12200,16900,200,4300,15000,600,100,100,100,200,700,9800,3800,23900,2700
21.0,19.11,8200,157246.0,19.09,19.07,19.06,19.05,19.04,19.03,19.02,19.01,19.0,18.98,19.11,19.14,19.15,19.16,19.17,19.18,19.22,19.23,19.24,19.25,1000,4600,12000,25900,4300,12200,16900,200,4300,15000,600,100,100,100,200,700,9800,3800,23900,2700
22.0,19.11,8800,168712.0,19.11,19.09,19.07,19.06,19.05,19.04,19.03,19.02,19.01,19.0,19.12,19.13,19.14,19.15,19.16,19.17,19.18,19.22,19.23,19.24,100,1000,4600,12000,25900,4300,12200,16900,200,4300,200,500,100,100,100,200,700,9800,3800,23900
23.0,19.09,10000,191645.0,19.09,19.07,19.06,19.05,19.04,19.03,19.02,19.01,19.0,18.98,19.13,19.14,19.15,19.16,19.17,19.18,19.22,19.23,19.24,19.25,900,4600,12000,25900,4300,12200,16900,200,4300,15000,500,100,100,100,200,700,9800,3800,23900,2700
24.0,19.09,10000,191645.0,19.09,19.07,19.06,19.05,19.04,19.03,19.02,19.01,19.0,18.98,19.13,19.14,19.15,19.16,19.17,19.18,19.22,19.23,19.24,19.25,1900,4600,12000,25900,4300,12200,16900,200,4300,15000,500,100,100,100,200,700,9800,3800,23900,2700
25.0,19.14,15000,287323.0,19.14,19.09,19.07,19.06,19.05,19.04,19.03,19.02,19.01,19.0,19.15,19.16,19.17,19.18,19.22,19.23,19.24,19.25,19.26,19.28,2900,1900,4600,12500,25900,4300,12200,16900,200,4300,100,100,200,700,9800,3800,23900,2700,1600,10500
26.0,19.09,18100,346647.0,19.09,19.07,19.06,19.05,19.04,19.03,19.02,19.01,19.0,18.98,19.14,19.15,19.16,19.17,19.18,19.22,19.23,19.24,19.25,19.26,1700,4600,12500,25900,4300,12200,16900,200,4300,15000,200,100,100,200,700,9800,3800,23900,2700,1600
27.0,19.09,18100,346647.0,19.09,19.07,19.06,19.05,19.04,19.03,19.02,19.01,19.0,18.98,19.11,19.15,19.16,19.17,19.18,19.22,19.23,19.24,19.25,19.26,1700,4600,12500,25900,4300,12200,16900,200,4300,15000,100,100,100,200,700,9800,3800,23900,2700,1600
28.0,19.09,18100,346647.0,19.09,19.07,19.06,19.05,19.04,19.03,19.02,19.01,19.0,18.98,19.11,19.15,19.16,19.17,19.18,19.22,19.23,19.24,19.25,19.26,1700,4600,12500,25900,4300,12200,16900,200,4300,15000,100,100,100,200,700,9800,3800,23900,2700,1600
29.0,19.11,18200,348558.0,19.09,19.07,19.06,19.05,19.04,19.03,19.02,19.01,19.0,18.98,19.11,19.15,19.16,19.17,19.18,19.22,19.23,19.24,19.25,19.26,1700,4600,12500,25900,4300,12200,16900,200,4300,15000,100,100,100,200,700,9800,3800,23900,2700,1600
30.0,19.11,18200,348558.0,19.09,19.07,19.06,19.05,19.04,19.03,19.02,19.01,19.0,18.98,19.11,19.15,19.16,19.17,19.18,19.22,19.23,19.24,19.25,19.26,1700,4600,12500,25900,4300,12200,16900,200,4300,15000,200,100,100,200,700,9800,3800,23900,2700,1600
31.0,19.07,21500,411529.0,19.07,19.06,19.05,19.04,19.03,19.02,19.01,19.0,18.98,18.96,19.1,19.11,19.15,19.16,19.17,19.18,19.22,19.23,19.24,19.25,3200,12500,25900,4300,12200,16900,200,4300,15000,300,900,200,100,100,200,700,9800,3800,23900,2700
32.0,19.1,22600,432539.0,19.07,19.06,19.05,19.04,19.03,19.02,19.01,19.0,18.98,18.96,19.09,19.11,19.15,19.16,19.17,19.18,19.22,19.23,19.24,19.25,3200,12500,25900,4300,12200,16900,200,4300,15000,300,3700,200,100,100,200,700,9800,3800,23900,2700
33.0,19.1,26900,514628.0,19.1,19.09,19.07,19.06,19.05,19.04,19.03,19.02,19.01,19.0,19.11,19.14,19.15,19.16,19.17,19.18,19.22,19.23,19.24,19.25,200,1200,3200,12500,25900,4300,12200,16900,200,4300,200,500,100,100,200,700,9800,3800,23900,2700
34.0,19.1,26900,514628.0,19.1,19.09,19.07,19.06,19.05,19.04,19.03,19.02,19.01,19.0,19.11,19.14,19.15,19.16,19.17,19.18,19.22,19.23,19.24,19.25,400,1200,3200,14500,25900,4300,12200,16900,200,4300,200,500,100,100,2900,700,9800,3800,23900,2700
35.0,19.1,27300,522268.0,19.09,19.07,19.06,19.05,19.04,19.03,19.02,19.01,19.0,18.98,19.1,19.11,19.14,19.15,19.16,19.17,19.18,19.22,19.23,19.24,1200,3200,14500,25900,4300,12200,16900,200,4300,15000,900,200,500,100,100,2900,700,9800,3800,23900
36.0,19.1,27500,526088.0,19.09,19.07,19.06,19.05,19.04,19.03,19.02,19.01,19.0,18.98,19.1,19.11,19.14,19.15,19.16,19.17,19.18,19.22,19.23,19.24,1200,3200,14500,25900,4300,12200,16900,200,4300,15000,700,200,500,100,100,2900,700,9800,3800,23900
37.0,19.1,27500,526088.0,19.07,19.06,19.05,19.04,19.03,19.02,19.01,19.0,18.98,18.96,19.1,19.11,19.14,19.15,19.16,19.17,19.18,19.22,19.23,19.24,3200,14500,25900,4500,12200,16900,200,4300,15000,300,700,200,500,100,100,2900,700,9800,3800,23900
38.0,19.1,28000,535638.0,19.07,19.06,19.05,19.04,19.03,19.02,19.01,19.0,18.98,18.96,19.1,19.11,19.14,19.15,19.16,19.17,19.18,19.22,19.23,19.24,3200,14500,25900,4500,12200,16900,200,4300,15000,300,200,200,500,100,100,2900,700,9800,3800,23900
39.0,19.1,28000,535638.0,19.07,19.06,19.05,19.04,19.03,19.02,19.01,19.0,18.98,18.96,19.1,19.11,19.14,19.15,19.16,19.17,19.18,19.22,19.23,19.24,3200,14500,25900,4500,12200,16900,200,4300,15000,300,600,200,500,100,100,2900,700,9800,3800,23900
40.0,19.1,28000,535638.0,19.07,19.06,19.05,19.04,19.03,19.02,19.01,19.0,18.98,18.96,19.1,19.11,19.14,19.15,19.16,19.17,19.18,19.22,19.23,19.24,3200,14500,25900,4500,12200,16900,200,4300,15000,300,600,200,500,100,100,2900,700,9800,3800,23900
41.0,19.1,28000,535638.0,19.07,19.06,19.05,19.04,19.03,19.02,19.01,19.0,18.98,18.96,19.1,19.11,19.14,19.15,19.16,19.17,19.18,19.22,19.23,19.24,3200,14500,25900,4500,12200,16900,200,4300,15000,300,600,200,500,100,100,2900,700,9800,3800,23900
42.0,19.1,28100,537548.0,19.07,19.06,19.05,19.04,19.03,19.02,19.01,19.0,18.98,18.96,19.1,19.11,19.14,19.15,19.16,19.17,19.18,19.22,19.23,19.24,3200,14500,25900,4500,12200,16900,200,4300,15000,300,500,200,500,100,100,2900,700,9800,3800,23900
43.0,19.1,28100,537548.0,19.07,19.06,19.05,19.04,19.03,19.02,19.01,19.0,18.98,18.96,19.1,19.11,19.14,19.15,19.16,19.17,19.18,19.22,19.23,19.24,3200,14500,25900,2500,12200,16900,200,4300,15000,300,500,1200,500,100,100,2900,700,6700,3800,23900
44.0,19.1,28100,537548.0,19.07,19.06,19.05,19.04,19.03,19.02,19.01,19.0,18.98,18.96,19.1,19.11,19.14,19.15,19.16,19.17,19.18,19.22,19.23,19.24,3200,14500,25900,2500,12200,16900,200,4300,15000,300,500,1200,500,100,100,2900,700,6700,3800,23900
45.0,19.1,28100,537548.0,19.07,19.06,19.05,19.04,19.03,19.02,19.01,19.0,18.98,18.96,19.1,19.11,19.14,19.15,19.16,19.17,19.18,19.22,19.23,19.24,3200,14500,25900,2500,12200,16900,200,4300,15000,300,500,1200,500,100,100,2900,700,6700,3800,23900
46.0,19.1,28100,537548.0,19.07,19.06,19.05,19.04,19.03,19.02,19.01,19.0,18.98,18.96,19.1,19.11,19.14,19.15,19.16,19.17,19.18,19.22,19.23,19.24,3200,14500,25900,2500,12200,16900,200,4300,15000,300,500,1200,500,100,100,2900,700,6700,3800,23900
47.0,19.1,28100,537548.0,19.07,19.06,19.05,19.04,19.03,19.02,19.01,19.0,18.98,18.96,19.1,19.11,19.14,19.15,19.16,19.17,19.18,19.22,19.23,19.24,3200,14500,25900,2500,12200,16900,200,4300,15000,300,500,1200,500,100,100,2900,700,6700,3800,23900
48.0,19.1,28100,537548.0,19.07,19.06,19.05,19.04,19.03,19.02,19.01,19.0,18.98,18.96,19.1,19.11,19.14,19.15,19.16,19.17,19.18,19.22,19.23,19.24,3200,14500,25900,2500,12200,16900,200,4300,15000,300,500,1200,500,100,100,2900,700,6700,3800,23900
49.0,19.1,28600,547098.0,19.07,19.06,19.05,19.04,19.03,19.02,19.01,19.0,18.98,18.96,19.11,19.14,19.15,19.16,19.17,19.18,19.22,19.23,19.24,19.25,3200,14500,25900,2500,12200,16900,200,4300,15000,300,1200,500,100,100,2900,700,6700,3800,23900,2700
50.0,19.11,29100,556653.0,19.07,19.06,19.05,19.04,19.03,19.02,19.01,19.0,18.98,18.96,19.11,19.14,19.15,19.16,19.17,19.18,19.22,19.23,19.24,19.25,4800,14600,25900,2500,12200,16900,200,4300,15000,300,700,500,100,100,2900,700,6700,3800,23900,2700
51.0,19.11,29200,558564.0,19.07,19.06,19.05,19.04,19.03,19.02,19.01,19.0,18.98,18.96,19.11,19.14,19.15,19.16,19.17,19.18,19.22,19.23,19.24,19.25,4800,14600,25900,2500,12200,16900,200,4300,15000,300,600,500,100,100,2900,700,6700,3800,23900,2700
52.0,19.11,29200,558564.0,19.07,19.06,19.05,19.04,19.03,19.02,19.01,19.0,18.98,18.96,19.11,19.14,19.15,19.16,19.17,19.18,19.22,19.23,19.24,19.25,5200,14600,25900,2500,12200,16900,200,4300,15000,300,600,500,100,100,2900,700,6700,3800,23900,2700
53.0,19.11,29800,570030.0,19.11,19.07,19.06,19.05,19.04,19.03,19.02,19.01,19.0,18.98,19.14,19.15,19.16,19.17,19.18,19.22,19.23,19.24,19.25,19.26,700,5500,14600,25900,2500,12200,16900,200,4300,15000,500,100,100,2900,700,6700,3800,23900,2700,1600
54.0,19.11,29800,570030.0,19.11,19.07,19.06,19.05,19.04,19.03,19.02,19.01,19.0,18.98,19.14,19.15,19.16,19.17,19.18,19.22,19.23,19.24,19.25,19.26,700,5500,14600,25900,2500,12200,16900,200,4300,15000,500,100,100,2900,700,6700,3800,23900,2700,1600
55.0,19.11,29800,570030.0,19.11,19.07,19.06,19.05,19.04,19.03,19.02,19.01,19.0,18.98,19.14,19.15,19.16,19.17,19.18,19.22,19.23,19.24,19.25,19.26,700,5500,14600,25900,2500,12200,16900,200,4300,15000,500,100,100,2900,700,6700,3800,23900,2700,1600
56.0,19.11,29800,570030.0,19.11,19.07,19.06,19.05,19.04,19.03,19.02,19.01,19.0,18.98,19.14,19.15,19.16,19.17,19.18,19.22,19.23,19.24,19.25,19.26,700,3700,14600,25900,2500,12200,16900,200,4300,15000,500,100,100,2900,700,6700,3800,23900,2700,1600
57.0,19.11,30000,573852.0,19.11,19.07,19.06,19.05,19.04,19.03,19.02,19.01,19.0,18.98,19.12,19.14,19.15,19.16,19.17,19.18,19.22,19.23,19.24,19.25,500,3700,14600,25900,2500,12200,16900,200,4300,15000,100,500,100,100,2900,700,6700,3800,23900,2700
58.0,19.11,30000,573852.0,19.11,19.07,19.06,19.05,19.04,19.03,19.02,19.01,19.0,18.98,19.12,19.14,19.15,19.16,19.17,19.18,19.22,19.23,19.24,19.25,500,3700,14600,25900,2500,12200,16900,200,4300,15000,100,500,100,100,2900,700,6700,3800,23900,2700
59.0,19.11,30000,573852.0,19.11,19.07,19.06,19.05,19.04,19.03,19.02,19.01,19.0,18.98,19.12,19.14,19.15,19.16,19.17,19.18,19.22,19.23,19.24,19.25,2200,3400,14600,25900,2500,12200,16900,200,4300,15000,100,500,100,100,2900,700,6700,3800,23900,2700
60.0,19.11,30000,573852.0,19.11,19.07,19.06,19.05,19.04,19.03,19.02,19.01,19.0,18.98,19.12,19.14,19.15,19.16,19.17,19.18,19.22,19.23,19.24,19.25,2200,12400,14600,25900,2500,12200,16900,200,4300,15000,100,500,100,100,2900,700,6700,3800,23900,2700
61.0,19.11,30000,573852.0,19.11,19.07,19.06,19.05,19.04,19.03,19.02,19.01,19.0,18.98,19.12,19.14,19.15,19.16,19.17,19.18,19.22,19.23,19.24,19.25,2600,12400,14600,25900,2500,12200,16900,200,4300,15000,100,500,100,100,2800,700,6700,3800,23900,2700
62.0,19.11,30000,573852.0,19.11,19.07,19.06,19.05,19.04,19.03,19.02,19.01,19.0,18.98,19.12,19.14,19.15,19.16,19.17,19.18,19.22,19.23,19.24,19.25,2600,12400,14600,25900,2500,12200,16900,200,4300,15000,200,500,100,100,2800,700,6700,3800,23900,2700
63.0,19.11,30000,573852.0,19.11,19.07,19.06,19.05,19.04,19.03,19.02,19.01,19.0,18.98,19.12,19.14,19.15,19.16,19.17,19.18,19.22,19.23,19.24,19.25,2600,12400,14600,25900,2500,12200,16900,200,4300,15000,200,500,100,100,2800,700,6700,3800,23900,2700
64.0,19.11,30000,573852.0,19.11,19.07,19.06,19.05,19.04,19.03,19.02,19.01,19.0,18.98,19.12,19.14,19.15,19.16,19.17,19.18,19.22,19.23,19.24,19.25,2600,12400,14600,25900,2500,12200,16900,200,4300,15000,200,500,100,100,2800,700,6700,3800,23900,2700
65.0,19.11,30000,573852.0,19.11,19.07,19.06,19.05,19.04,19.03,19.02,19.01,19.0,18.98,19.12,19.14,19.15,19.16,19.17,19.18,19.22,19.23,19.24,19.25,3600,12400,14600,25900,2500,12200,16900,200,4300,15000,200,500,100,100,2800,700,6700,3800,23900,2700
66.0,19.12,30100,575764.0,19.11,19.07,19.06,19.05,19.04,19.03,19.02,19.01,19.0,18.98,19.12,19.14,19.15,19.16,19.17,19.18,19.22,19.23,19.24,19.25,3700,12400,14600,25900,2500,13200,16900,200,4300,15000,100,500,100,100,2800,700,6700,3800,23900,2700
67.0,19.11,30500,583409.0,19.11,19.07,19.06,19.05,19.04,19.03,19.02,19.01,19.0,18.98,19.14,19.15,19.16,19.17,19.18,19.22,19.23,19.24,19.25,19.26,3400,12400,14600,25900,2500,13200,16900,200,4300,15000,500,100,100,2800,700,6700,3800,23900,2700,1600
68.0,19.12,30800,589145.0,19.11,19.07,19.06,19.05,19.04,19.03,19.02,19.01,19.0,18.98,19.14,19.15,19.16,19.17,19.18,19.22,19.23,19.24,19.25,19.26,3400,12400,14600,25900,2500,13200,16900,200,4300,15000,500,100,900,2800,700,6700,3800,23900,2700,1600
69.0,19.14,31300,598715.0,19.12,19.11,19.07,19.06,19.05,19.04,19.03,19.02,19.01,19.0,19.15,19.16,19.17,19.18,19.22,19.23,19.24,19.25,19.26,19.28,1900,3400,12400,14500,25900,2500,13200,16900,200,4300,100,900,2800,700,6700,3800,23900,2700,1600,10500
70.0,19.14,31300,598715.0,19.12,19.11,19.07,19.06,19.05,19.04,19.03,19.02,19.01,19.0,19.15,19.16,19.17,19.18,19.22,19.23,19.24,19.25,19.26,19.28,1900,3400,12400,14500,25900,2500,13200,16900,200,4300,100,900,2800,700,6700,3800,23900,2700,1600,10500
71.0,19.12,32100,614011.0,19.12,19.11,19.07,19.06,19.05,19.04,19.03,19.02,19.01,19.0,19.15,19.16,19.17,19.18,19.22,19.23,19.24,19.25,19.26,19.28,1100,3400,12400,14500,25900,2500,13200,16900,200,4300,100,900,2800,700,6700,3800,23900,2700,1600,10500
72.0,19.12,32100,614011.0,19.12,19.11,19.07,19.06,19.05,19.04,19.03,19.02,19.01,19.0,19.15,19.16,19.17,19.18,19.22,19.23,19.24,19.25,19.26,19.28,1600,3400,12400,14500,25900,2500,13200,16900,200,4300,100,900,2800,700,6700,3800,23900,2700,1600,10500
73.0,19.12,32100,614011.0,19.12,19.11,19.07,19.06,19.05,19.04,19.03,19.02,19.01,19.0,19.15,19.16,19.17,19.18,19.22,19.23,19.24,19.25,19.26,19.28,1600,3400,12400,14500,25900,2500,13200,16900,200,4300,100,900,2800,700,6700,3800,23900,2700,1600,10500
74.0,19.12,32100,614011.0,19.12,19.11,19.07,19.06,19.05,19.04,19.03,19.02,19.01,19.0,19.15,19.16,19.17,19.18,19.22,19.23,19.24,19.25,19.26,19.28,1600,3400,12400,14500,25900,2500,13200,16900,200,4300,200,900,2800,700,6700,3800,23900,2700,1600,10500
75.0,19.12,32100,614011.0,19.12,19.11,19.07,19.06,19.05,19.04,19.03,19.02,19.01,19.0,19.15,19.16,19.17,19.18,19.22,19.23,19.24,19.25,19.26,19.28,1600,3400,12400,14500,25900,2500,13200,16900,200,4300,200,900,2800,700,6700,3800,23900,2700,1600,10500
76.0,19.12,32100,614011.0,19.12,19.11,19.07,19.06,19.05,19.04,19.03,19.02,19.01,19.0,19.15,19.16,19.17,19.18,19.22,19.23,19.24,19.25,19.26,19.28,1100,3400,12400,14500,25900,2500,13200,16900,200,4300,200,900,2800,700,6700,3800,23900,2700,1600,10500
77.0,19.12,32100,614011.0,19.14,19.12,19.11,19.07,19.06,19.05,19.04,19.03,19.02,19.01,19.15,19.16,19.17,19.18,19.22,19.23,19.24,19.25,19.26,19.28,4400,1100,3400,12400,14500,25900,2500,13200,16900,200,200,900,2800,700,6700,3800,23900,2700,1600,10500
78.0,19.12,32100,614011.0,19.14,19.12,19.11,19.07,19.06,19.05,19.04,19.03,19.02,19.01,19.15,19.16,19.17,19.18,19.22,19.23,19.24,19.25,19.26,19.28,4400,1100,3400,12400,14500,25900,2500,13200,16900,200,200,900,2800,700,6700,3800,23900,2700,1600,10500
79.0,19.12,32100,614011.0,19.14,19.12,19.11,19.07,19.06,19.05,19.04,19.03,19.02,19.01,19.15,19.16,19.17,19.18,19.22,19.23,19.24,19.25,19.26,19.28,4400,1200,3400,12400,14500,25900,2500,13200,16900,200,200,900,2800,700,6700,3800,23900,2700,1600,10500
80.0,19.12,32100,614011.0,19.14,19.13,19.12,19.11,19.07,19.06,19.05,19.04,19.03,19.02,19.15,19.16,19.17,19.18,19.22,19.23,19.24,19.25,19.26,19.28,4400,100,1200,3400,12400,14500,25900,2500,13200,16900,200,900,2800,700,6700,3800,23900,2700,1600,10500
81.0,19.16,32400,619757.0,19.15,19.14,19.13,19.12,19.11,19.08,19.07,19.06,19.05,19.04,19.16,19.17,19.18,19.22,19.23,19.24,19.25,19.26,19.28,19.29,900,4400,100,1200,3400,500,12400,14500,25900,2300,800,2700,700,6700,3800,23900,2700,1600,10500,11400
82.0,19.16,32400,619757.0,19.15,19.14,19.13,19.12,19.11,19.08,19.07,19.06,19.05,19.04,19.16,19.17,19.22,19.23,19.24,19.25,19.26,19.28,19.29,19.3,1100,4400,100,1200,3400,500,12400,14500,25900,2300,800,2700,6700,3800,23900,2700,1600,10500,11400,6200
83.0,19.17,33700,644670.0,19.16,19.15,19.14,19.13,19.12,19.11,19.08,19.07,19.06,19.05,19.17,19.22,19.23,19.24,19.25,19.26,19.28,19.29,19.3,19.34,2200,1200,4400,100,1100,3400,500,13900,14500,25900,2200,6700,3800,23900,2700,1600,10500,11400,6200,1100
84.0,19.17,33900,648504.0,19.16,19.15,19.14,19.13,19.12,19.11,19.09,19.08,19.07,19.06,19.17,19.22,19.23,19.24,19.25,19.26,19.28,19.29,19.3,19.34,4100,1200,4400,100,1100,3400,500,500,13900,14500,2000,6700,3800,23900,2700,1600,10500,11400,6200,1100
85.0,19.17,34100,652338.0,19.16,19.15,19.14,19.13,19.12,19.11,19.09,19.08,19.07,19.06,19.17,19.22,19.23,19.24,19.25,19.26,19.28,19.29,19.3,19.34,4200,1200,4400,100,1100,3400,500,1500,13900,14500,1800,6700,3800,23900,2700,1600,10500,11400,6200,1100
86.0,19.17,34700,663840.0,19.16,19.15,19.14,19.12,19.11,19.09,19.08,19.07,19.06,19.05,19.17,19.22,19.23,19.24,19.25,19.26,19.28,19.29,19.3,19.34,4300,1200,4400,1100,3400,500,1500,13900,14500,25900,1200,6700,3800,23900,2700,1600,10500,11400,6200,1100
87.0,19.16,35100,671504.0,19.16,19.15,19.14,19.12,19.11,19.09,19.08,19.07,19.06,19.05,19.17,19.22,19.23,19.24,19.25,19.26,19.28,19.29,19.3,19.34,4800,1200,4400,1100,3400,500,1500,13900,14500,25900,1200,6700,3800,23900,2700,1600,10500,11400,6200,1100
88.0,19.16,35100,671504.0,19.16,19.15,19.14,19.12,19.11,19.09,19.08,19.07,19.06,19.05,19.17,19.22,19.23,19.24,19.25,19.26,19.28,19.29,19.3,19.34,4800,1200,4400,1100,3400,500,2500,13900,14500,25900,1200,6700,3800,23900,2700,1600,10500,11400,6200,1100
89.0,19.16,35100,671504.0,19.16,19.15,19.14,19.12,19.11,19.09,19.08,19.07,19.06,19.05,19.17,19.22,19.23,19.24,19.25,19.26,19.28,19.29,19.3,19.34,4800,1200,4400,1100,3400,500,2500,13900,14500,25900,1200,6700,3800,23900,2700,1600,10500,11400,6200,1100
90.0,19.16,35500,679168.0,19.16,19.15,19.14,19.12,19.11,19.09,19.08,19.07,19.06,19.05,19.17,19.22,19.23,19.24,19.25,19.26,19.28,19.29,19.3,19.34,4400,1200,4400,1100,3400,500,2500,13900,14500,25900,1200,6700,3800,23900,2700,1600,10500,11400,6200,1100
91.0,19.17,35600,681085.0,19.16,19.15,19.14,19.12,19.11,19.09,19.08,19.07,19.06,19.05,19.17,19.22,19.23,19.24,19.25,19.26,19.28,19.29,19.3,19.34,3200,1200,4400,1100,3400,500,2500,13900,14500,25900,1100,6700,3800,23900,2700,1600,10500,11400,6200,1100
92.0,19.17,35700,683002.0,19.16,19.15,19.14,19.12,19.11,19.09,19.08,19.07,19.06,19.05,19.17,19.22,19.23,19.24,19.25,19.26,19.28,19.29,19.3,19.34,3600,1200,4400,1100,1300,500,2500,13900,14500,25900,1000,6700,3800,23900,2700,1600,10500,11400,6200,1100
93.0,19.17,36100,690670.0,19.16,19.15,19.14,19.12,19.11,19.09,19.08,19.07,19.06,19.05,19.17,19.22,19.23,19.24,19.25,19.26,19.28,19.29,19.3,19.34,5700,1200,4400,1100,1300,500,2500,13900,14500,25900,600,6700,3800,23900,2700,1600,10500,11400,6200,1100
94.0,19.16,36600,700250.0,19.16,19.15,19.14,19.12,19.11,19.09,19.08,19.07,19.06,19.05,19.17,19.22,19.23,19.24,19.25,19.26,19.28,19.29,19.3,19.34,5200,1200,4400,1100,1300,500,2500,13900,14500,25900,600,6700,3800,23900,2700,1600,10500,11400,6200,1100
95.0,19.17,36700,702167.0,19.16,19.15,19.14,19.12,19.11,19.09,19.08,19.07,19.06,19.05,19.17,19.22,19.23,19.24,19.25,19.26,19.28,19.29,19.3,19.34,5800,1100,4400,1100,1300,500,2500,13900,14500,25900,500,6700,3800,23900,2700,1600,10500,11400,6200,1100
96.0,19.17,36700,702167.0,19.16,19.15,19.14,19.12,19.11,19.09,19.08,19.07,19.06,19.05,19.17,19.22,19.23,19.24,19.25,19.26,19.28,19.29,19.3,19.34,5800,1100,4400,200,1300,500,2500,13900,14500,25900,500,6700,3800,23900,2700,1600,10500,11400,6200,1100
97.0,19.16,37200,711747.0,19.16,19.15,19.14,19.11,19.09,19.08,19.07,19.06,19.05,19.04,19.17,19.22,19.23,19.24,19.25,19.26,19.28,19.29,19.3,19.34,5300,1100,4400,1300,500,2500,13900,14500,25900,2300,500,6700,3800,23900,2700,1600,10500,11400,6200,1100
98.0,19.17,37300,713664.0,19.16,19.15,19.14,19.11,19.09,19.08,19.07,19.06,19.05,19.04,19.17,19.22,19.23,19.24,19.25,19.26,19.28,19.29,19.3,19.34,5300,1100,4400,1300,500,2500,13900,14500,25900,2300,400,6700,3800,23900,2700,1600,10500,11400,6200,1100
99.0,19.17,37300,713664.0,19.16,19.15,19.14,19.11,19.09,19.08,19.07,19.06,19.05,19.04,19.17,19.22,19.23,19.24,19.25,19.26,19.28,19.29,19.3,19.34,5300,1100,4400,1300,500,2500,13900,14500,25900,2300,400,6700,3800,23900,2700,1600,10500,11400,6200,1100
100.0,19.17,38100,728995.0,19.16,19.15,19.14,19.11,19.09,19.08,19.07,19.06,19.05,19.04,19.17,19.22,19.23,19.24,19.25,19.26,19.28,19.29,19.3,19.34,4800,1100,4400,1300,500,2500,13900,14500,25900,2300,100,6700,3800,23900,2700,1600,10500,11400,6200,1100
101.0,19.17,38100,728995.0,19.16,19.15,19.14,19.11,19.09,19.08,19.07,19.06,19.05,19.04,19.17,19.22,19.23,19.24,19.25,19.26,19.28,19.29,19.3,19.34,4800,1100,4400,1300,500,2500,13900,14500,25900,2300,100,6700,3800,23900,2700,1600,10500,11400,6200,1100
102.0,19.17,38100,728995.0,19.16,19.15,19.14,19.11,19.09,19.08,19.07,19.06,19.05,19.04,19.17,19.22,19.23,19.24,19.25,19.26,19.28,19.29,19.3,19.34,4800,1100,4400,1300,500,2500,13900,14500,25900,2300,100,6700,3800,23900,2700,1600,10500,11400,6200,1100
103.0,19.17,38100,728995.0,19.16,19.15,19.14,19.11,19.1,19.09,19.08,19.07,19.06,19.05,19.17,19.22,19.23,19.24,19.25,19.26,19.28,19.29,19.3,19.34,4800,1100,4400,1300,500,500,2500,13900,14500,25900,100,6700,3800,23900,2700,1600,10500,11400,6200,1100
104.0,19.16,38500,736659.0,19.16,19.15,19.14,19.11,19.1,19.09,19.08,19.07,19.06,19.05,19.17,19.22,19.23,19.24,19.25,19.26,19.28,19.29,19.3,19.34,4400,1100,4400,1300,500,500,2500,13900,14500,25900,100,6700,3800,23900,2700,1600,10500,11400,6200,1100
105.0,19.16,38500,736659.0,19.16,19.15,19.14,19.11,19.1,19.09,19.08,19.07,19.06,19.05,19.17,19.22,19.23,19.24,19.25,19.26,19.28,19.29,19.3,19.34,4400,1100,4400,1300,500,500,2500,13900,14500,25900,100,6700,3800,23900,2700,1600,10500,11400,6200,1100
106.0,19.16,38500,736659.0,19.16,19.15,19.14,19.11,19.1,19.09,19.08,19.07,19.06,19.05,19.17,19.22,19.23,19.24,19.25,19.26,19.28,19.29,19.3,19.34,4400,1100,4400,1300,500,500,2500,13900,14500,25900,100,6700,3800,23900,2700,1600,10500,11400,6200,1100
107.0,19.16,38900,744323.0,19.16,19.15,19.14,19.11,19.1,19.09,19.08,19.07,19.06,19.05,19.17,19.22,19.23,19.24,19.25,19.26,19.28,19.29,19.3,19.34,4000,1100,4400,1300,500,500,2500,13900,14500,25900,100,6700,3800,23900,1800,1600,10500,11400,6200,1100
108.0,19.14,45100,863112.0,19.14,19.11,19.1,19.09,19.08,19.07,19.06,19.05,19.04,19.03,19.15,19.16,19.17,19.19,19.2,19.21,19.22,19.23,19.24,19.25,4300,1300,500,500,2500,13900,14500,25900,2300,14200,700,5900,500,600,1400,2000,6700,3600,23900,1800
109.0,19.15,45200,865027.0,19.14,19.11,19.1,19.09,19.08,19.07,19.06,19.05,19.04,19.03,19.15,19.16,19.17,19.19,19.2,19.21,19.22,19.23,19.24,19.25,4300,1300,500,500,2500,13900,14500,25900,2300,14200,600,5900,500,600,1400,2000,6700,3600,23900,1800
110.0,19.14,49500,947329.0,19.11,19.1,19.09,19.08,19.07,19.06,19.05,19.04,19.03,19.02,19.14,19.15,19.16,19.17,19.2,19.21,19.22,19.23,19.24,19.25,1300,500,500,2500,13900,14500,25900,2300,14200,16900,400,600,5700,500,1400,2000,6700,3600,23900,1800
111.0,19.14,49500,947329.0,19.11,19.1,19.09,19.08,19.07,19.06,19.05,19.04,19.03,19.02,19.14,19.16,19.17,19.2,19.21,19.22,19.23,19.24,19.25,19.26,1300,500,500,2500,13900,14500,25900,2300,14200,16900,400,5700,500,1400,2000,6700,3600,23900,1800,1600
112.0,19.14,49500,947329.0,19.11,19.1,19.09,19.08,19.07,19.06,19.05,19.04,19.03,19.02,19.14,19.16,19.17,19.2,19.21,19.22,19.23,19.24,19.25,19.26,1400,500,500,2500,13900,14500,25900,2300,14200,16900,500,7100,500,1400,2000,6700,3600,23900,1800,1600
113.0,19.14,49500,947329.0,19.11,19.1,19.09,19.08,19.07,19.06,19.05,19.04,19.03,19.02,19.14,19.15,19.16,19.17,19.2,19.21,19.22,19.23,19.24,19.25,1400,500,500,2500,13900,14500,25900,2300,14200,16900,700,400,7100,500,1400,2000,6700,3600,23900,1800
114.0,19.11,49600,949240.0,19.11,19.1,19.09,19.08,19.07,19.06,19.05,19.04,19.03,19.02,19.14,19.15,19.16,19.17,19.2,19.21,19.22,19.23,19.24,19.25,1300,500,500,2500,13900,14500,25900,2300,14200,16900,800,400,3800,500,1400,2000,6700,3600,23900,1800
115.0,19.11,49600,949240.0,19.11,19.1,19.09,19.08,19.07,19.06,19.05,19.04,19.03,19.02,19.14,19.15,19.16,19.17,19.2,19.21,19.22,19.23,19.24,19.25,1400,500,500,2500,13900,14500,25900,2300,14200,16900,800,400,3800,500,1400,2000,6700,3600,23900,1800
116.0,19.14,49700,951154.0,19.11,19.1,19.09,19.08,19.07,19.06,19.05,19.04,19.03,19.02,19.14,19.15,19.16,19.17,19.2,19.21,19.22,19.23,19.24,19.25,1400,500,500,2500,13900,14500,25900,2300,14200,16900,700,400,4700,500,1400,2000,6700,3600,23900,1800
117.0,19.11,49800,953065.0,19.11,19.1,19.09,19.08,19.07,19.06,19.05,19.04,19.03,19.02,19.14,19.15,19.16,19.17,19.2,19.21,19.22,19.23,19.24,19.25,1300,500,500,2500,13900,14500,25900,2300,14200,16600,700,400,4700,500,1400,2000,6700,3600,23900,1800
118.0,19.11,49800,953065.0,19.11,19.1,19.09,19.08,19.07,19.06,19.05,19.04,19.03,19.02,19.14,19.15,19.16,19.17,19.2,19.21,19.22,19.23,19.24,19.25,1300,500,500,2500,13900,14500,25900,2300,14200,16600,700,400,4700,500,1400,2000,6700,3600,23900,1800
119.0,19.11,49800,953065.0,19.11,19.1,19.09,19.08,19.07,19.06,19.05,19.04,19.03,19.02,19.14,19.15,19.16,19.17,19.2,19.21,19.22,19.23,19.24,19.25,1300,500,500,2500,13900,14500,25900,2300,14200,16600,900,400,4700,500,1400,2000,6700,3600,23900,1800
120.0,19.11,49800,953065.0,19.11,19.1,19.09,19.08,19.07,19.06,19.05,19.04,19.03,19.02,19.14,19.15,19.16,19.17,19.2,19.21,19.22,19.23,19.24,19.25,1300,500,500,2500,13900,14500,25900,2300,14200,16600,900,400,4700,500,1400,2000,6700,3600,23900,1800
121.0,19.15,55300,1058377.0,19.11,19.1,19.09,19.08,19.07,19.06,19.05,19.04,19.03,19.02,19.14,19.15,19.16,19.17,19.2,19.21,19.22,19.23,19.24,19.25,1200,500,500,2500,13900,14500,25900,2300,14200,16600,600,400,3900,500,1400,2000,6700,3600,23900,1800
122.0,19.15,56400,1079432.0,19.15,19.11,19.1,19.09,19.08,19.07,19.06,19.05,19.04,19.03,19.16,19.17,19.2,19.21,19.22,19.23,19.24,19.25,19.26,19.28,23100,1100,500,500,2500,13900,14500,25900,2300,14200,3900,500,1400,2000,6700,3600,23900,1800,1600,10500
123.0,19.15,56500,1081347.0,19.15,19.11,19.1,19.09,19.08,19.07,19.06,19.05,19.04,19.03,19.16,19.2,19.21,19.22,19.23,19.24,19.25,19.26,19.28,19.29,23000,1100,500,500,2500,13900,14500,25900,2300,16200,3900,1400,2000,6700,3600,23900,1800,1600,10500,12300
124.0,19.15,57000,1090922.0,19.15,19.11,19.1,19.09,19.08,19.07,19.06,19.05,19.04,19.03,19.16,19.2,19.21,19.22,19.23,19.24,19.25,19.26,19.28,19.29,22500,1100,500,500,2500,13900,14500,25900,2300,16200,3900,1400,2000,6700,3600,23900,1800,1600,10500,12300
125.0,19.15,59500,1138812.0,19.15,19.14,19.11,19.1,19.09,19.08,19.07,19.06,19.05,19.04,19.16,19.19,19.2,19.21,19.22,19.23,19.24,19.25,19.26,19.28,21500,1300,1100,500,500,2500,13900,14500,25900,2300,2400,800,1400,2000,6700,3600,23900,1800,1600,10500
126.0,19.15,59500,1138812.0,19.15,19.14,19.11,19.1,19.09,19.08,19.07,19.06,19.05,19.04,19.16,19.18,19.2,19.21,19.22,19.23,19.24,19.25,19.26,19.28,21500,1300,1100,500,500,2500,13900,14500,25900,2600,2400,2900,1400,2000,6700,3600,23900,1800,1600,10500
127.0,19.15,60200,1152219.0,19.15,19.14,19.11,19.1,19.09,19.08,19.07,19.06,19.05,19.04,19.16,19.18,19.2,19.21,19.22,19.23,19.24,19.25,19.26,19.28,21000,1300,1100,500,500,2500,13900,14500,25900,2600,2200,2900,1400,2000,6700,3600,23900,1800,1600,10500
128.0,19.15,67500,1292014.0,19.15,19.14,19.11,19.1,19.09,19.08,19.07,19.06,19.05,19.04,19.16,19.17,19.18,19.2,19.21,19.22,19.23,19.24,19.25,19.26,13700,1300,1100,500,500,2500,13900,14500,25900,2600,2200,2000,2500,1400,2000,6700,3600,23900,1800,1600
129.0,19.14,82500,1579251.0,19.11,19.1,19.09,19.08,19.07,19.06,19.05,19.04,19.03,19.02,19.14,19.15,19.16,19.17,19.18,19.2,19.21,19.22,19.23,19.24,1100,500,500,2500,13900,14500,25900,2800,16200,16600,1300,5300,2200,800,2500,1400,2000,6700,3600,23900
130.0,19.14,82500,1579251.0,19.11,19.1,19.09,19.08,19.07,19.06,19.05,19.04,19.03,19.02,19.14,19.15,19.16,19.17,19.18,19.2,19.21,19.22,19.23,19.24,1100,500,500,2500,13900,14500,25900,2800,16200,16600,1300,2000,2200,800,2500,1400,2000,6700,3600,23900
131.0,19.11,82600,1581162.0,19.11,19.1,19.09,19.08,19.07,19.06,19.05,19.04,19.03,19.02,19.13,19.14,19.15,19.16,19.17,19.18,19.2,19.21,19.22,19.23,1200,500,500,2500,13900,14500,25900,2800,16200,16600,700,1500,2000,2200,800,2500,1400,2000,6700,3600
132.0,19.11,82600,1581162.0,19.11,19.1,19.09,19.08,19.07,19.06,19.05,19.04,19.03,19.02,19.13,19.14,19.15,19.16,19.17,19.18,19.2,19.21,19.22,19.23,1200,500,500,2500,13900,14500,25900,2800,16200,16600,700,1500,2000,2200,800,2500,1400,2000,6700,3600
133.0,19.13,82700,1583075.0,19.11,19.1,19.09,19.08,19.07,19.06,19.05,19.04,19.03,19.02,19.13,19.14,19.15,19.16,19.17,19.18,19.2,19.21,19.22,19.23,1200,500,500,2500,13900,14500,25900,2800,16200,16600,600,1000,2000,2200,800,2500,1400,2000,6700,3600
134.0,19.11,82800,1584986.0,19.11,19.1,19.09,19.08,19.07,19.06,19.05,19.04,19.03,19.02,19.12,19.13,19.14,19.15,19.16,19.17,19.18,19.19,19.2,19.21,1100,500,500,2500,13900,14500,25900,2800,16200,16600,200,600,1000,2000,2200,800,2500,1000,1400,2000
135.0,19.11,82800,1584986.0,19.11,19.1,19.09,19.08,19.07,19.06,19.05,19.04,19.03,19.02,19.12,19.13,19.14,19.15,19.16,19.17,19.18,19.19,19.2,19.21,1100,500,500,2500,13900,14500,25900,2800,16200,16600,200,600,1000,2000,2200,800,2500,1000,1400,2000
136.0,19.11,82800,1584986.0,19.11,19.1,19.09,19.08,19.07,19.06,19.05,19.04,19.03,19.02,19.12,19.13,19.14,19.15,19.16,19.17,19.18,19.19,19.2,19.21,1100,500,500,2500,13900,14500,25900,2800,16200,16600,200,600,1000,2000,2200,800,2500,1000,1400,2000
137.0,19.11,82800,1584986.0,19.11,19.1,19.09,19.08,19.07,19.06,19.05,19.04,19.03,19.02,19.12,19.13,19.14,19.15,19.16,19.17,19.18,19.19,19.2,19.21,1100,500,500,2500,13900,14500,25900,2800,16200,16600,200,600,1000,2000,2200,800,2500,1000,1400,2000
138.0,19.11,82900,1586897.0,19.11,19.1,19.09,19.08,19.07,19.06,19.05,19.04,19.03,19.02,19.12,19.13,19.14,19.16,19.17,19.18,19.19,19.2,19.21,19.22,1000,500,500,2500,13900,14500,25900,2800,16200,16600,200,600,1000,2200,800,2500,1000,1400,2000,6700
139.0,19.12,83100,1590721.0,19.12,19.11,19.1,19.09,19.08,19.07,19.06,19.05,19.04,19.03,19.13,19.14,19.16,19.17,19.18,19.19,19.2,19.21,19.22,19.23,900,1000,500,500,2500,13900,14500,25900,2800,16200,600,200,2200,800,2500,1000,1400,2000,6700,3600
140.0,19.12,83100,1590721.0,19.12,19.11,19.1,19.09,19.08,19.07,19.06,19.05,19.04,19.03,19.13,19.14,19.16,19.17,19.18,19.19,19.2,19.21,19.22,19.23,1400,1000,500,500,2500,13900,14500,25900,2800,16200,600,200,2200,800,2500,1000,1400,2000,6700,3600
141.0,19.12,83200,1592633.0,19.12,19.11,19.1,19.09,19.08,19.07,19.06,19.05,19.04,19.03,19.13,19.14,19.16,19.17,19.18,19.19,19.2,19.21,19.22,19.23,1300,1000,500,500,2500,13900,14500,25900,2800,16200,600,200,2200,800,2500,1000,1400,2000,6700,3600
142.0,19.12,83200,1592633.0,19.12,19.11,19.1,19.09,19.08,19.07,19.06,19.05,19.04,19.03,19.13,19.14,19.16,19.17,19.18,19.19,19.2,19.21,19.22,19.23,1700,1000,500,500,2500,13900,14500,25900,2800,16200,600,200,2200,800,2500,1000,1400,2000,6700,3600
143.0,19.12,83600,1600281.0,19.12,19.11,19.1,19.09,19.08,19.07,19.06,19.05,19.04,19.03,19.13,19.14,19.16,19.17,19.18,19.19,19.2,19.21,19.22,19.23,1300,1000,500,500,2500,13900,14500,26400,2800,16200,600,200,2200,800,2500,1000,1400,2000,6700,3600
144.0,19.12,83600,1600281.0,19.12,19.11,19.1,19.09,19.08,19.07,19.06,19.05,19.04,19.03,19.13,19.14,19.16,19.17,19.18,19.19,19.2,19.21,19.22,19.23,1300,1000,500,500,2500,13900,14500,26400,2800,16200,600,200,2200,800,2500,1000,1400,2000,6700,3600
145.0,19.12,83900,1606017.0,19.12,19.11,19.1,19.09,19.08,19.07,19.06,19.05,19.04,19.03,19.13,19.14,19.16,19.17,19.18,19.19,19.2,19.21,19.22,19.23,1000,1000,500,500,2500,13900,14500,26400,2800,16200,600,200,2200,800,2500,1000,1400,2000,6700,3600
146.0,19.12,83900,1606017.0,19.12,19.11,19.1,19.09,19.08,19.07,19.06,19.05,19.04,19.03,19.13,19.14,19.16,19.17,19.18,19.19,19.2,19.21,19.22,19.23,1200,1000,500,500,2500,13900,14500,26400,2800,16200,600,200,2200,800,2500,1000,1400,2000,6700,3600
147.0,19.12,83900,1606017.0,19.12,19.11,19.1,19.09,19.08,19.07,19.06,19.05,19.04,19.03,19.13,19.14,19.16,19.17,19.18,19.19,19.2,19.21,19.22,19.23,1200,1000,500,500,2500,13900,14500,26400,2800,16200,600,200,2200,800,2500,1000,1400,2000,6700,3600
148.0,19.12,84000,1607929.0,19.12,19.11,19.1,19.09,19.08,19.07,19.06,19.05,19.04,19.03,19.13,19.14,19.16,19.17,19.18,19.19,19.2,19.21,19.22,19.23,1100,1000,500,500,2500,13900,14500,26400,2800,16200,600,200,2200,800,2500,1000,1400,2000,6700,3600
149.0,19.12,84200,1611753.0,19.12,19.11,19.1,19.09,19.08,19.07,19.06,19.05,19.04,19.03,19.13,19.14,19.16,19.17,19.18,19.19,19.2,19.21,19.22,19.23,900,1000,500,500,2500,13900,14500,26400,2800,16200,700,200,2200,800,2500,1000,1400,2000,6700,3500
150.0,19.12,84200,1611753.0,19.12,19.11,19.1,19.09,19.08,19.07,19.06,19.05,19.04,19.03,19.13,19.14,19.16,19.17,19.18,19.19,19.2,19.21,19.22,19.23,900,1000,500,500,2500,13900,14500,26400,2800,16200,700,200,2200,800,2500,1000,1400,2000,6700,3500
151.0,19.12,84200,1611753.0,19.12,19.11,19.1,19.09,19.08,19.07,19.06,19.05,19.04,19.03,19.13,19.14,19.16,19.17,19.18,19.19,19.2,19.21,19.22,19.23,900,1000,500,500,2500,13900,14500,26400,2800,16200,700,200,2200,800,2500,1000,1400,2000,6700,3500
152.0,19.12,85100,1628961.0,19.11,19.1,19.09,19.08,19.07,19.06,19.05,19.04,19.03,19.02,19.12,19.13,19.14,19.16,19.17,19.18,19.19,19.2,19.21,19.22,1000,500,500,2500,13900,14500,26400,2800,16200,16600,300,700,200,2200,800,2500,1000,1400,2000,6700
153.0,19.12,85100,1628961.0,19.11,19.1,19.09,19.08,19.07,19.06,19.05,19.04,19.03,19.02,19.12,19.13,19.14,19.16,19.17,19.18,19.19,19.2,19.21,19.22,1000,500,500,2500,13900,14500,26400,2800,16200,16600,2500,500,200,2200,800,2500,1000,1400,2000,6700
154.0,19.12,85500,1636609.0,19.11,19.1,19.09,19.08,19.07,19.06,19.05,19.04,19.03,19.02,19.12,19.13,19.14,19.16,19.17,19.18,19.19,19.2,19.21,19.22,1000,500,500,2500,13900,14500,26400,2800,16200,16600,2100,100,200,2200,800,2500,1000,1400,2000,6700
155.0,19.11,85800,1642344.0,19.11,19.1,19.09,19.08,19.07,19.06,19.05,19.04,19.03,19.02,19.12,19.13,19.14,19.16,19.17,19.18,19.19,19.2,19.21,19.22,900,500,500,2500,13900,14500,26400,2800,16200,16600,1900,100,200,2200,800,2500,1000,1400,2000,6700
156.0,19.11,85900,1644255.0,19.11,19.1,19.09,19.08,19.07,19.06,19.05,19.04,19.03,19.02,19.12,19.13,19.14,19.16,19.17,19.18,19.19,19.2,19.21,19.22,800,500,500,2500,13900,14500,26400,2800,16200,16600,1900,100,200,2200,800,2500,1000,1400,2000,6700
157.0,19.12,86200,1649991.0,19.11,19.1,19.09,19.08,19.07,19.06,19.05,19.04,19.03,19.02,19.12,19.13,19.14,19.16,19.17,19.18,19.19,19.2,19.21,19.22,800,500,500,2500,13900,14500,26400,2800,16200,16600,1600,200,200,2200,800,2500,1000,1400,2000,6700
158.0,19.12,86200,1649991.0,19.11,19.1,19.09,19.08,19.07,19.06,19.05,19.04,19.03,19.02,19.12,19.13,19.14,19.16,19.17,19.18,19.19,19.2,19.21,19.22,800,500,500,2500,13900,14500,26400,2800,16200,16600,1600,200,200,2200,800,2500,1000,1400,2000,6700
159.0,19.11,86900,1663368.0,19.11,19.1,19.09,19.08,19.07,19.06,19.05,19.04,19.03,19.02,19.12,19.13,19.14,19.16,19.17,19.18,19.19,19.2,19.21,19.22,100,500,500,2500,13900,14500,26400,2800,16200,16600,1600,200,200,2200,800,2500,1000,1400,2000,6700
160.0,19.11,86900,1663368.0,19.11,19.1,19.09,19.08,19.07,19.06,19.05,19.04,19.03,19.02,19.12,19.13,19.14,19.16,19.17,19.18,19.19,19.2,19.21,19.22,100,500,500,2500,13900,14500,26400,2800,16200,16600,1600,200,200,2200,800,2500,1000,1400,2000,6700
161.0,19.11,86900,1663368.0,19.11,19.1,19.09,19.08,19.07,19.06,19.05,19.04,19.03,19.02,19.12,19.13,19.14,19.16,19.17,19.18,19.19,19.2,19.21,19.22,100,500,500,2500,13900,14500,26400,2800,16200,16600,1600,200,200,2200,800,2500,1000,1400,2000,6700
162.0,19.12,87000,1665280.0,19.11,19.1,19.09,19.08,19.07,19.06,19.05,19.04,19.03,19.02,19.12,19.13,19.14,19.16,19.17,19.18,19.19,19.2,19.21,19.22,100,500,500,2500,13900,14500,26400,2800,16200,16600,1500,200,200,2200,800,2500,1000,1400,2000,6700
163.0,19.12,87000,1665280.0,19.11,19.1,19.09,19.08,19.07,19.06,19.05,19.04,19.03,19.02,19.12,19.13,19.14,19.16,19.17,19.18,19.19,19.2,19.21,19.22,100,500,500,2500,14100,14500,26400,2800,16200,16600,1500,200,200,2200,800,2500,1000,1400,2000,6700
164.0,19.12,87000,1665280.0,19.11,19.1,19.09,19.08,19.07,19.06,19.05,19.04,19.03,19.02,19.12,19.13,19.14,19.16,19.17,19.18,19.19,19.2,19.21,19.22,100,500,500,2500,14100,14500,26400,2800,16200,16600,1800,200,200,2200,800,2500,1000,1400,2000,6700
165.0,19.12,87000,1665280.0,19.11,19.1,19.09,19.08,19.07,19.06,19.05,19.04,19.03,19.02,19.12,19.13,19.14,19.16,19.17,19.18,19.19,19.2,19.21,19.22,100,500,500,2500,14100,14500,26400,2800,16200,16600,1800,200,200,2200,800,2500,1000,1400,2000,6700
166.0,19.12,87000,1665280.0,19.11,19.1,19.09,19.08,19.07,19.06,19.05,19.04,19.03,19.02,19.12,19.13,19.14,19.16,19.17,19.18,19.19,19.2,19.21,19.22,100,500,500,2500,14100,14500,26400,2800,16200,16600,1800,200,200,2200,800,2500,1000,1400,2000,6700
167.0,19.12,87000,1665280.0,19.11,19.1,19.09,19.08,19.07,19.06,19.05,19.04,19.03,19.02,19.12,19.13,19.14,19.16,19.17,19.18,19.19,19.2,19.21,19.22,100,500,500,2500,14100,14500,26400,2800,16200,16600,1800,200,200,2200,800,2500,1000,1400,2000,6700
168.0,19.12,87000,1665280.0,19.11,19.1,19.09,19.08,19.07,19.06,19.05,19.04,19.03,19.02,19.12,19.13,19.14,19.16,19.17,19.18,19.19,19.2,19.21,19.22,100,500,500,2500,14100,14500,26400,2800,16200,16600,1800,200,200,2200,800,2500,1000,1400,2000,6700
169.0,19.11,87200,1669103.0,19.1,19.09,19.08,19.07,19.06,19.05,19.04,19.03,19.02,19.01,19.11,19.12,19.13,19.14,19.16,19.17,19.18,19.19,19.2,19.21,600,500,2500,14100,14500,26400,2800,16200,16600,200,200,2700,200,200,2200,800,2500,1000,1400,2000
170.0,19.11,87200,1669103.0,19.1,19.09,19.08,19.07,19.06,19.05,19.04,19.03,19.02,19.01,19.11,19.12,19.13,19.14,19.16,19.17,19.18,19.19,19.2,19.21,600,500,2500,14100,14500,26400,2800,16200,16600,200,200,2700,200,200,2200,800,2500,1000,1400,2000
171.0,19.11,87300,1671014.0,19.1,19.09,19.08,19.07,19.06,19.05,19.04,19.03,19.02,19.01,19.11,19.12,19.13,19.14,19.16,19.17,19.18,19.19,19.2,19.21,600,500,2500,14100,14500,25900,2800,16200,16600,200,100,2700,200,200,2200,800,400,1000,1400,2000
172.0,19.11,87300,1671014.0,19.1,19.09,19.08,19.07,19.06,19.05,19.04,19.03,19.02,19.01,19.11,19.12,19.13,19.14,19.16,19.17,19.18,19.19,19.2,19.21,600,500,2500,14100,14500,25900,2800,16200,16600,200,100,2700,200,200,2200,800,400,1000,1400,2000
173.0,19.11,87300,1671014.0,19.1,19.09,19.08,19.07,19.06,19.05,19.04,19.03,19.02,19.01,19.11,19.12,19.13,19.14,19.16,19.17,19.18,19.19,19.2,19.21,600,500,1500,14100,14500,25900,2800,16200,16600,200,100,2700,200,200,2200,800,400,1000,1400,2000
174.0,19.11,87300,1671014.0,19.1,19.09,19.08,19.07,19.06,19.05,19.04,19.03,19.02,19.01,19.11,19.12,19.13,19.14,19.16,19.17,19.18,19.19,19.2,19.21,600,500,1500,14100,14500,25900,2800,16200,16600,200,100,2700,200,200,2200,800,400,1000,1400,2000
175.0,19.11,87300,1671014.0,19.1,19.09,19.08,19.07,19.06,19.05,19.04,19.03,19.02,19.01,19.11,19.12,19.13,19.14,19.16,19.17,19.18,19.19,19.2,19.21,600,500,1500,14100,14500,25900,2800,16200,16600,200,100,2700,200,200,2200,800,400,1000,1400,2000
176.0,19.11,87300,1671014.0,19.1,19.09,19.08,19.07,19.06,19.05,19.04,19.03,19.02,19.01,19.11,19.12,19.13,19.14,19.16,19.17,19.18,19.19,19.2,19.21,600,500,1500,14100,14500,25900,2800,16200,16600,200,100,2700,200,200,2200,800,400,1000,1400,2000
177.0,19.11,87400,1672925.0,19.11,19.1,19.09,19.08,19.07,19.06,19.05,19.04,19.03,19.02,19.12,19.13,19.14,19.16,19.17,19.18,19.19,19.2,19.21,19.22,2000,600,500,1500,14100,14500,25900,2800,16200,16600,2700,200,200,2200,800,400,1000,1400,2000,5700
178.0,19.11,89400,1711145.0,19.1,19.09,19.08,19.07,19.06,19.05,19.04,19.03,19.02,19.01,19.12,19.13,19.14,19.16,19.17,19.18,19.19,19.2,19.21,19.22,600,500,1500,14100,14500,25900,2600,16200,16600,200,2700,100,200,2200,800,400,1000,1400,2000,5700
179.0,19.11,89400,1711145.0,19.1,19.09,19.08,19.07,19.06,19.05,19.04,19.03,19.02,19.01,19.12,19.13,19.14,19.16,19.17,19.18,19.19,19.2,19.21,19.22,600,500,1500,14100,14500,25900,2600,16200,16600,200,2400,100,200,2200,800,400,1000,1400,2000,5700
180.0,19.1,89500,1713055.0,19.1,19.09,19.08,19.07,19.06,19.05,19.04,19.03,19.02,19.01,19.12,19.13,19.14,19.16,19.17,19.18,19.19,19.2,19.21,19.22,500,500,1500,14100,14500,25900,2600,16200,16600,200,2400,100,200,2200,800,400,1000,1400,2000,5700
181.0,19.1,89500,1713055.0,19.1,19.09,19.08,19.07,19.06,19.05,19.04,19.03,19.02,19.01,19.12,19.13,19.14,19.16,19.17,19.18,19.19,19.2,19.21,19.22,500,500,1500,14100,14500,25900,2600,16200,16600,200,2400,100,200,2200,800,400,1000,1400,2000,5700
182.0,19.1,89500,1713055.0,19.1,19.09,19.08,19.07,19.06,19.05,19.04,19.03,19.02,19.01,19.12,19.13,19.14,19.16,19.17,19.18,19.19,19.2,19.21,19.22,500,500,1500,14100,14500,25900,2600,16200,16600,200,2400,100,200,2200,800,400,1000,1400,2000,5700
183.0,19.1,89500,1713055.0,19.1,19.09,19.08,19.07,19.06,19.05,19.04,19.03,19.02,19.01,19.12,19.13,19.14,19.16,19.17,19.18,19.19,19.2,19.21,19.22,500,500,1500,14100,14500,25900,2600,16200,16600,200,2400,100,200,2200,800,400,1000,1400,2000,5700
184.0,19.12,89700,1716879.0,19.1,19.09,19.08,19.07,19.06,19.05,19.04,19.03,19.02,19.01,19.12,19.13,19.14,19.16,19.17,19.18,19.19,19.2,19.21,19.22,500,500,1500,14100,15000,25900,2600,16200,16600,200,2200,100,200,2200,800,400,1000,1400,2000,5700
185.0,19.12,89700,1716879.0,19.1,19.09,19.08,19.07,19.06,19.05,19.04,19.03,19.02,19.01,19.12,19.13,19.14,19.16,19.17,19.18,19.19,19.2,19.21,19.22,500,500,1500,14100,15000,25900,2600,16200,16600,200,2200,100,200,2200,800,400,1000,1400,2000,5700
186.0,19.12,89700,1716879.0,19.1,19.09,19.08,19.07,19.06,19.05,19.04,19.03,19.02,19.01,19.12,19.13,19.14,19.16,19.17,19.18,19.19,19.2,19.21,19.22,500,500,1500,14100,15000,25900,2600,16200,16600,200,2200,100,200,2200,800,400,1000,1400,2000,5700
187.0,19.12,89700,1716879.0,19.1,19.09,19.08,19.07,19.06,19.05,19.04,19.03,19.02,19.01,19.12,19.13,19.14,19.16,19.17,19.18,19.19,19.2,19.21,19.22,500,500,1500,14100,15000,25900,2600,16200,16600,200,2200,100,200,2200,800,400,1000,1400,2000,5700
188.0,19.12,89700,1716879.0,19.1,19.09,19.08,19.07,19.06,19.05,19.04,19.03,19.02,19.01,19.11,19.12,19.13,19.14,19.16,19.17,19.18,19.19,19.2,19.21,500,500,1500,14100,15000,25900,2600,16200,16600,200,1100,2200,100,200,2200,800,400,1000,1400,2000
189.0,19.12,89700,1716879.0,19.1,19.09,19.08,19.07,19.06,19.05,19.04,19.03,19.02,19.01,19.11,19.12,19.13,19.14,19.16,19.17,19.18,19.19,19.2,19.21,500,500,1500,14100,15000,25900,2600,16200,16600,200,1100,1000,100,200,2200,800,400,1000,1400,2000
190.0,19.12,89700,1716879.0,19.1,19.09,19.08,19.07,19.06,19.05,19.04,19.03,19.02,19.01,19.11,19.12,19.13,19.14,19.16,19.17,19.18,19.19,19.2,19.21,500,500,1500,14100,15000,25900,2600,16200,16600,200,1100,1000,100,200,2200,800,400,1000,1400,2000
191.0,19.1,89800,1718789.0,19.1,19.09,19.08,19.07,19.06,19.05,19.04,19.03,19.02,19.01,19.11,19.12,19.13,19.14,19.16,19.17,19.18,19.19,19.2,19.21,400,500,1500,14100,15000,25900,2600,16200,16600,200,1100,1000,100,200,2200,800,400,1000,1400,2000
192.0,19.11,89900,1720700.0,19.1,19.08,19.07,19.06,19.05,19.04,19.03,19.02,19.01,19.0,19.11,19.12,19.13,19.14,19.16,19.17,19.18,19.19,19.2,19.21,400,1500,14100,15000,25900,2600,16400,16600,200,5300,1100,1000,100,200,2200,800,400,1000,1400,2000
193.0,19.11,89900,1720700.0,19.1,19.08,19.07,19.06,19.05,19.04,19.03,19.02,19.01,19.0,19.11,19.12,19.13,19.14,19.16,19.17,19.18,19.19,19.2,19.21,400,1500,14100,15000,25900,2600,16400,16600,200,5300,1100,1000,100,200,2200,800,400,1000,1700,2000
194.0,19.11,89900,1720700.0,19.1,19.08,19.07,19.06,19.05,19.04,19.03,19.02,19.01,19.0,19.11,19.12,19.13,19.14,19.16,19.17,19.18,19.19,19.2,19.21,400,1500,14100,15000,25900,2600,16400,16600,200,5300,1100,1000,100,200,2200,800,400,1000,1700,2000
195.0,19.11,89900,1720700.0,19.1,19.08,19.07,19.06,19.05,19.04,19.03,19.02,19.01,19.0,19.11,19.12,19.13,19.14,19.16,19.17,19.18,19.19,19.2,19.21,400,1500,14100,15000,25900,2600,16400,16600,200,5300,1100,1000,100,200,2200,800,400,1000,1700,2000
196.0,19.11,90500,1732166.0,19.1,19.08,19.07,19.06,19.05,19.04,19.03,19.02,19.01,19.0,19.11,19.12,19.13,19.14,19.16,19.17,19.18,19.19,19.2,19.21,400,1500,14100,15000,25900,2300,16400,16600,200,5300,500,1000,100,200,2200,800,400,1000,1700,2000
197.0,19.1,90600,1734076.0,19.1,19.08,19.07,19.06,19.05,19.04,19.03,19.02,19.01,19.0,19.11,19.12,19.13,19.14,19.16,19.17,19.18,19.19,19.2,19.21,300,1500,14100,15000,25900,2300,16400,16600,200,5300,1600,1000,100,200,2200,800,400,1000,1700,2000
198.0,19.1,90600,1734076.0,19.1,19.08,19.07,19.06,19.05,19.04,19.03,19.02,19.01,19.0,19.11,19.12,19.13,19.14,19.16,19.17,19.18,19.19,19.2,19.21,300,1500,14100,15000,25900,2300,16400,16600,200,5300,1600,1000,100,200,2200,800,400,1000,1700,2000
199.0,19.11,90700,1735987.0,19.1,19.08,19.07,19.06,19.05,19.04,19.03,19.02,19.01,19.0,19.11,19.12,19.13,19.14,19.16,19.17,19.18,19.19,19.2,19.21,300,1500,14100,15000,25900,2300,16400,16600,200,5300,1500,1000,100,200,2200,800,400,1000,1700,2000
200.0,19.11,90700,1735987.0,19.1,19.08,19.07,19.06,19.05,19.04,19.03,19.02,19.01,19.0,19.11,19.12,19.13,19.14,19.16,19.17,19.18,19.19,19.2,19.21,300,1500,14100,15000,25900,2300,16400,16600,200,5300,1500,1000,100,200,2200,800,400,1000,1700,2000
201.0,19.11,90700,1735987.0,19.1,19.08,19.07,19.06,19.05,19.04,19.03,19.02,19.01,19.0,19.11,19.12,19.13,19.14,19.16,19.17,19.18,19.19,19.2,19.21,300,1500,14100,15000,25900,2300,16400,16600,200,5300,1500,1000,100,200,2200,800,400,1000,1700,2000
202.0,19.11,90700,1735987.0,19.1,19.08,19.07,19.06,19.05,19.04,19.03,19.02,19.01,19.0,19.11,19.12,19.13,19.14,19.16,19.17,19.18,19.19,19.2,19.21,300,1500,14100,15000,25900,2300,16400,16600,200,5300,1500,1000,100,200,2200,800,400,1000,1700,2000
203.0,19.11,90700,1735987.0,19.1,19.08,19.07,19.06,19.05,19.04,19.03,19.02,19.01,19.0,19.11,19.12,19.13,19.14,19.16,19.17,19.18,19.19,19.2,19.21,300,1500,14100,15500,25900,2300,16400,16600,200,5300,1500,1000,100,200,2200,800,400,1000,1700,2000
204.0,19.11,90700,1735987.0,19.1,19.08,19.07,19.06,19.05,19.04,19.03,19.02,19.01,19.0,19.11,19.12,19.13,19.14,19.16,19.17,19.18,19.19,19.2,19.21,300,1500,14100,15500,25900,2300,16400,16600,200,5300,1500,1000,100,200,2200,800,400,1000,1700,2000
205.0,19.1,91000,1741717.0,19.08,19.07,19.06,19.05,19.04,19.03,19.02,19.01,19.0,18.98,19.1,19.11,19.12,19.13,19.14,19.16,19.17,19.18,19.19,19.2,1500,14100,15500,25900,2300,16400,16600,200,5300,15000,200,1500,1000,100,200,2200,800,400,1000,1700
206.0,19.08,91100,1743625.0,19.08,19.07,19.06,19.05,19.04,19.03,19.02,19.01,19.0,18.98,19.1,19.11,19.12,19.13,19.14,19.16,19.17,19.18,19.19,19.2,1400,12700,15500,25900,2300,16400,16600,200,5300,15000,200,1500,1000,100,200,2200,800,400,1000,1700
207.0,19.08,91100,1743625.0,19.08,19.07,19.06,19.05,19.04,19.03,19.02,19.01,19.0,18.98,19.1,19.11,19.12,19.13,19.14,19.16,19.17,19.18,19.19,19.2,1400,12700,15500,25900,2300,16400,16600,200,5300,15000,200,1500,1000,100,200,2200,800,400,1000,1700
208.0,19.08,91100,1743625.0,19.08,19.07,19.06,19.05,19.04,19.03,19.02,19.01,19.0,18.98,19.1,19.11,19.12,19.13,19.14,19.16,19.17,19.18,19.19,19.2,1400,12700,15500,25900,2300,16400,16600,200,5300,15000,200,1500,1000,100,200,2200,800,400,1000,1700
209.0,19.08,91100,1743625.0,19.08,19.07,19.06,19.05,19.04,19.03,19.02,19.01,19.0,18.98,19.1,19.11,19.12,19.13,19.14,19.16,19.17,19.18,19.19,19.2,1400,12700,15500,25900,2300,16400,16600,200,5300,15000,200,1500,1000,100,200,2200,800,400,1000,1700
210.0,19.08,91100,1743625.0,19.08,19.07,19.06,19.05,19.04,19.03,19.02,19.01,19.0,18.98,19.1,19.11,19.12,19.13,19.14,19.16,19.17,19.18,19.19,19.2,1400,12700,15500,25900,2300,16400,16600,200,5300,15000,200,1500,1000,100,200,2200,800,400,1000,1700
211.0,19.08,91100,1743625.0,19.09,19.08,19.07,19.06,19.05,19.04,19.03,19.02,19.01,19.0,19.1,19.11,19.12,19.13,19.14,19.16,19.17,19.18,19.19,19.2,100,1400,12700,15500,25900,2300,16400,16600,200,5300,200,1500,1000,100,200,2200,800,400,1000,1700
212.0,19.08,91100,1743625.0,19.09,19.08,19.07,19.06,19.05,19.04,19.03,19.02,19.01,19.0,19.1,19.11,19.12,19.13,19.14,19.16,19.17,19.18,19.19,19.2,100,1400,12700,15500,25900,2300,16400,16600,200,5300,200,1500,1000,100,200,2200,800,400,1000,1700
213.0,19.08,91100,1743625.0,19.09,19.08,19.07,19.06,19.05,19.04,19.03,19.02,19.01,19.0,19.1,19.11,19.12,19.13,19.14,19.16,19.17,19.18,19.19,19.2,100,1400,12700,15500,25900,2300,16400,16600,200,5300,200,1500,1000,100,200,2200,800,400,1000,1700
214.0,19.08,91100,1743625.0,19.09,19.08,19.07,19.06,19.05,19.04,19.03,19.02,19.01,19.0,19.1,19.11,19.12,19.13,19.14,19.16,19.17,19.18,19.19,19.2,100,1400,12700,15500,25900,2300,16400,16600,200,5300,200,1500,1000,100,200,2200,800,400,1000,1700
215.0,19.08,91100,1743625.0,19.09,19.08,19.07,19.06,19.05,19.04,19.03,19.02,19.01,19.0,19.1,19.11,19.12,19.13,19.14,19.16,19.17,19.18,19.19,19.2,100,1400,12700,15500,25900,2300,16400,16600,200,5300,500,1500,1000,100,200,2200,800,400,1000,1700
216.0,19.08,91100,1743625.0,19.09,19.08,19.07,19.06,19.05,19.04,19.03,19.02,19.01,19.0,19.1,19.11,19.12,19.13,19.14,19.16,19.17,19.18,19.19,19.2,100,1400,12700,15500,25900,2300,16400,16600,200,5300,500,1200,1000,100,200,2200,800,400,1000,1700
217.0,19.08,91100,1743625.0,19.09,19.08,19.07,19.06,19.05,19.04,19.03,19.02,19.01,19.0,19.1,19.11,19.12,19.13,19.14,19.16,19.17,19.18,19.19,19.2,100,1400,12700,15500,25900,2300,16400,16600,200,5300,500,1200,1000,100,200,2200,800,400,1000,1700
218.0,19.1,91200,1745535.0,19.09,19.08,19.07,19.06,19.05,19.04,19.03,19.02,19.01,19.0,19.1,19.11,19.12,19.13,19.14,19.16,19.17,19.18,19.19,19.2,100,1400,12700,15500,25900,2300,16400,16600,200,5300,400,1200,1000,100,200,2200,800,400,1000,1700
219.0,19.1,91600,1753175.0,19.1,19.09,19.08,19.07,19.06,19.05,19.04,19.03,19.02,19.01,19.11,19.12,19.13,19.14,19.16,19.17,19.18,19.19,19.2,19.21,800,100,1400,12700,15500,25900,2300,16400,16600,200,1200,1000,100,200,2200,800,400,1000,1700,2000
220.0,19.11,91700,1755086.0,19.1,19.09,19.08,19.07,19.06,19.05,19.04,19.03,19.02,19.01,19.11,19.12,19.13,19.14,19.16,19.17,19.18,19.19,19.2,19.21,800,600,1400,12700,15500,25900,2300,16400,16600,200,1100,1000,100,200,2200,800,400,1000,1700,2000
221.0,19.11,91700,1755086.0,19.1,19.09,19.08,19.07,19.06,19.05,19.04,19.03,19.02,19.01,19.11,19.12,19.13,19.14,19.16,19.17,19.18,19.19,19.2,19.21,1300,600,1400,12700,15500,15900,2300,16400,16600,200,1100,1000,100,200,2200,800,400,1000,1700,2000
222.0,19.1,91800,1756996.0,19.1,19.09,19.08,19.07,19.06,19.05,19.04,19.03,19.02,19.01,19.11,19.12,19.13,19.14,19.16,19.17,19.18,19.19,19.2,19.21,1200,600,1400,12700,15500,15900,2300,16400,16600,200,1100,1000,100,200,2200,800,400,1000,1700,2000
223.0,19.11,91900,1758907.0,19.1,19.09,19.08,19.07,19.06,19.05,19.04,19.03,19.02,19.01,19.11,19.12,19.13,19.14,19.16,19.17,19.18,19.19,19.2,19.21,1200,600,1400,12700,15500,15800,2300,16400,16600,200,1000,1000,100,200,2200,800,400,1000,1700,2000
224.0,19.11,91900,1758907.0,19.1,19.09,19.08,19.07,19.06,19.05,19.04,19.03,19.02,19.01,19.11,19.12,19.13,19.14,19.16,19.17,19.18,19.19,19.2,19.21,1200,600,1400,12700,15500,15800,2300,16400,16600,200,1000,1000,100,200,2200,800,400,1000,1700,2000
225.0,19.11,91900,1758907.0,19.1,19.09,19.08,19.07,19.06,19.05,19.04,19.03,19.02,19.01,19.11,19.12,19.13,19.14,19.16,19.17,19.18,19.19,19.2,19.21,1200,600,1400,12700,15500,15800,2300,16400,16600,200,1000,1000,100,200,2200,800,400,1000,1700,2000
226.0,19.11,92000,1760818.0,19.1,19.09,19.08,19.07,19.06,19.05,19.04,19.03,19.02,19.01,19.11,19.12,19.13,19.14,19.16,19.17,19.18,19.19,19.2,19.21,1200,600,1400,12700,15500,15800,2300,16400,16600,200,900,1000,100,200,2200,800,400,1000,1700,2000
227.0,19.11,92000,1760818.0,19.1,19.09,19.08,19.07,19.06,19.05,19.04,19.03,19.02,19.01,19.11,19.12,19.13,19.14,19.16,19.17,19.18,19.19,19.2,19.21,1200,600,1400,12700,15500,15800,2300,16400,16600,200,900,1000,100,200,2200,800,400,1000,1700,2000
228.0,19.11,92000,1760818.0,19.1,19.09,19.08,19.07,19.06,19.05,19.04,19.03,19.02,19.01,19.11,19.12,19.13,19.14,19.16,19.17,19.18,19.19,19.2,19.21,1200,600,1400,12700,15500,15800,2300,16400,16600,200,6100,1000,100,200,2200,800,400,1000,1700,2000
229.0,19.1,92100,1762728.0,19.1,19.09,19.08,19.07,19.06,19.05,19.04,19.03,19.02,19.01,19.11,19.12,19.13,19.14,19.16,19.17,19.18,19.19,19.2,19.21,1100,600,1400,12700,15500,15800,2300,16400,16600,200,6100,1000,100,200,2200,800,400,1000,1700,2000
230.0,19.1,93200,1783738.0,19.09,19.08,19.07,19.06,19.05,19.04,19.03,19.02,19.01,19.0,19.1,19.11,19.12,19.13,19.14,19.16,19.17,19.18,19.19,19.2,600,1400,12700,15500,15800,2300,16400,16600,200,5300,300,6100,1000,100,200,2200,800,400,1000,1700
231.0,19.1,93200,1783738.0,19.09,19.08,19.07,19.06,19.05,19.04,19.03,19.02,19.01,19.0,19.1,19.11,19.12,19.13,19.14,19.16,19.17,19.18,19.19,19.2,600,1400,12700,15500,15800,2300,16400,16600,200,5300,300,6100,1000,100,200,2200,800,400,1000,1700
232.0,19.1,93200,1783738.0,19.09,19.08,19.07,19.06,19.05,19.04,19.03,19.02,19.01,19.0,19.1,19.11,19.12,19.13,19.14,19.16,19.17,19.18,19.19,19.2,600,1400,12700,15500,15800,2300,16400,16600,200,5300,500,6100,1000,100,200,2200,800,400,1000,1700
233.0,19.09,93800,1795192.0,19.08,19.07,19.06,19.05,19.04,19.03,19.02,19.01,19.0,18.98,19.09,19.1,19.11,19.12,19.13,19.14,19.16,19.17,19.18,19.19,1900,12700,15500,15800,2300,16400,16600,200,5300,15000,1300,1100,6100,8900,100,200,2200,800,400,1000
234.0,19.11,98600,1886883.0,19.08,19.07,19.06,19.05,19.04,19.03,19.02,19.01,19.0,18.98,19.11,19.12,19.13,19.14,19.16,19.17,19.18,19.19,19.2,19.22,1900,12700,15500,15800,2300,16400,16600,200,5300,15000,3700,8900,100,200,2200,800,400,1000,1700,5700
235.0,19.11,98600,1886883.0,19.08,19.07,19.06,19.05,19.04,19.03,19.02,19.01,19.0,18.98,19.11,19.12,19.13,19.14,19.16,19.17,19.18,19.19,19.2,19.22,2000,12700,15500,15800,2300,16400,16700,200,5300,15000,3800,8900,100,200,2200,800,400,1000,1400,5700
236.0,19.08,98800,1890699.0,19.08,19.07,19.06,19.05,19.04,19.03,19.02,19.01,19.0,18.98,19.1,19.11,19.12,19.14,19.16,19.17,19.18,19.19,19.2,19.22,1800,12700,15500,15800,2300,16400,16700,200,5300,15000,100,3800,8900,200,2200,800,400,1000,1400,5700
237.0,19.08,98900,1892607.0,19.08,19.07,19.06,19.05,19.04,19.03,19.02,19.01,19.0,18.98,19.1,19.11,19.12,19.13,19.14,19.16,19.17,19.18,19.19,19.2,1700,12700,15500,15800,2300,16400,16700,200,5300,15000,100,3800,8900,7900,200,2200,800,400,1000,1400
238.0,19.08,99200,1898331.0,19.09,19.08,19.07,19.06,19.05,19.04,19.03,19.02,19.01,19.0,19.1,19.11,19.12,19.13,19.14,19.16,19.17,19.18,19.19,19.2,400,1400,12700,15500,15800,2300,16400,16700,200,5300,100,3800,8900,7900,200,2200,800,400,1000,1400
239.0,19.08,99200,1898331.0,19.09,19.08,19.07,19.06,19.05,19.04,19.03,19.02,19.01,19.0,19.1,19.11,19.12,19.13,19.14,19.16,19.17,19.18,19.19,19.2,400,1400,12700,15500,15800,2300,16400,16700,200,5300,100,3800,8900,7900,200,2200,800,400,1000,1400
240.0,19.08,99200,1898331.0,19.09,19.08,19.07,19.06,19.05,19.04,19.03,19.02,19.01,19.0,19.1,19.11,19.12,19.13,19.14,19.16,19.17,19.18,19.19,19.2,400,1400,12700,15500,15800,2300,16400,16700,200,5300,100,3800,8900,7900,200,2200,800,400,1000,1400
241.0,19.08,99200,1898331.0,19.09,19.08,19.07,19.06,19.05,19.04,19.03,19.02,19.01,19.0,19.1,19.11,19.12,19.13,19.14,19.16,19.17,19.18,19.19,19.2,400,1400,12700,15500,15800,2300,16400,16700,200,5300,300,4100,8900,7900,200,2200,800,400,1000,1400
242.0,19.08,99200,1898331.0,19.09,19.08,19.07,19.06,19.05,19.04,19.03,19.02,19.01,19.0,19.1,19.11,19.12,19.13,19.14,19.16,19.17,19.18,19.19,19.2,400,1400,12700,15500,15800,2300,16400,16700,200,5300,300,4100,8900,7900,200,2200,800,400,1000,1400
243.0,19.08,99200,1898331.0,19.09,19.08,19.07,19.06,19.05,19.04,19.03,19.02,19.01,19.0,19.1,19.11,19.12,19.13,19.14,19.16,19.17,19.18,19.19,19.2,400,1400,12700,15500,15800,2300,16400,16700,200,5300,300,4100,8900,7900,200,2200,800,400,1000,1400
244.0,19.08,99200,1898331.0,19.09,19.08,19.07,19.06,19.05,19.04,19.03,19.02,19.01,19.0,19.1,19.11,19.12,19.13,19.14,19.16,19.17,19.18,19.19,19.2,400,1500,12700,15500,15800,2300,16400,16700,200,5300,500,4100,8900,7900,200,2200,800,400,1000,1400
245.0,19.08,99200,1898331.0,19.09,19.08,19.07,19.06,19.05,19.04,19.03,19.02,19.01,19.0,19.1,19.11,19.12,19.13,19.14,19.16,19.17,19.18,19.19,19.2,400,1500,12700,15500,15800,2300,16400,16700,200,5300,500,4100,8900,7900,200,2200,800,400,1000,1400
246.0,19.09,99600,1905967.0,19.08,19.07,19.06,19.05,19.04,19.03,19.02,19.01,19.0,18.99,19.09,19.1,19.11,19.12,19.13,19.14,19.16,19.17,19.18,19.19,1500,12700,15500,15800,2300,16400,16700,200,5300,1000,400,500,4100,8900,7900,200,2200,800,400,1000
247.0,19.09,99600,1905967.0,19.08,19.07,19.06,19.05,19.04,19.03,19.02,19.01,19.0,18.99,19.09,19.1,19.11,19.12,19.13,19.14,19.16,19.17,19.18,19.19,1500,12700,15500,15800,2300,16400,21700,200,5300,1000,400,500,4100,8900,7900,200,2200,800,400,1000
248.0,19.09,99600,1905967.0,19.08,19.07,19.06,19.05,19.04,19.03,19.02,19.01,19.0,18.99,19.09,19.1,19.11,19.12,19.13,19.14,19.16,19.17,19.18,19.19,1500,12700,15500,15800,2300,16400,21700,200,5300,1000,400,500,4100,8900,7900,200,2200,800,400,1000
249.0,19.09,99600,1905967.0,19.08,19.07,19.06,19.05,19.04,19.03,19.02,19.01,19.0,18.99,19.09,19.1,19.11,19.12,19.13,19.14,19.16,19.17,19.18,19.19,1500,12700,15500,15800,2300,16400,21700,200,5300,1000,400,500,4100,8900,7900,200,2200,800,400,1000
250.0,19.08,99700,1907875.0,19.08,19.07,19.06,19.05,19.04,19.03,19.02,19.01,19.0,18.99,19.09,19.1,19.11,19.12,19.13,19.14,19.16,19.17,19.18,19.19,1400,12700,15500,15800,2300,16400,21700,200,5300,1000,400,500,4100,8900,7900,200,2200,800,400,1000
251.0,19.09,100000,1913601.0,19.08,19.07,19.06,19.05,19.04,19.03,19.02,19.01,19.0,18.99,19.09,19.1,19.11,19.12,19.13,19.14,19.16,19.17,19.18,19.19,1300,12700,15500,15800,2300,16400,21700,200,5300,1000,200,500,4100,8900,7900,200,2200,800,400,1000
252.0,19.09,100000,1913601.0,19.08,19.07,19.06,19.05,19.04,19.03,19.02,19.01,19.0,18.99,19.09,19.1,19.11,19.12,19.13,19.14,19.16,19.17,19.18,19.19,1300,12700,15500,15800,2300,16400,21700,200,5300,1000,200,500,4100,8900,7900,200,2200,800,400,1000
253.0,19.08,100100,1915509.0,19.08,19.07,19.06,19.05,19.04,19.03,19.02,19.01,19.0,18.99,19.09,19.1,19.11,19.12,19.13,19.14,19.16,19.17,19.18,19.19,1200,12700,15500,15800,2300,16400,21700,200,5300,1000,200,500,4100,8900,7900,200,2200,800,400,1000
254.0,19.08,100100,1915509.0,19.08,19.07,19.06,19.05,19.04,19.03,19.02,19.01,19.0,18.99,19.09,19.1,19.11,19.12,19.13,19.14,19.16,19.17,19.18,19.19,1200,12700,15500,15800,2300,16400,21700,200,5300,1000,200,500,4100,8900,7900,200,2200,800,400,1000
255.0,19.08,100100,1915509.0,19.08,19.07,19.06,19.05,19.04,19.03,19.02,19.01,19.0,18.99,19.09,19.1,19.11,19.12,19.13,19.14,19.16,19.17,19.18,19.19,1200,12700,15500,15800,2300,16400,21700,200,5300,1000,400,500,4100,8900,7900,200,2200,800,400,1000
256.0,19.08,100100,1915509.0,19.08,19.07,19.06,19.05,19.04,19.03,19.02,19.01,19.0,18.99,19.09,19.1,19.11,19.12,19.13,19.14,19.16,19.17,19.18,19.19,1900,12700,15500,15800,2300,16400,21700,200,5300,1000,400,500,4100,8900,7900,200,2200,800,400,1000
257.0,19.08,100100,1915509.0,19.08,19.07,19.06,19.05,19.04,19.03,19.02,19.01,19.0,18.99,19.09,19.1,19.11,19.12,19.13,19.14,19.16,19.17,19.18,19.19,1900,12700,15500,15800,2300,16400,21700,200,5300,1000,400,500,4100,8900,7900,200,2200,800,400,1000
258.0,19.08,100100,1915509.0,19.08,19.07,19.06,19.05,19.04,19.03,19.02,19.01,19.0,18.99,19.09,19.1,19.11,19.12,19.13,19.14,19.16,19.17,19.18,19.19,1900,12700,15500,15800,2300,16400,21700,200,5300,1000,400,500,4100,8900,7900,200,2200,800,400,1000
259.0,19.08,100100,1915509.0,19.08,19.07,19.06,19.05,19.04,19.03,19.02,19.01,19.0,18.99,19.09,19.1,19.11,19.12,19.13,19.14,19.16,19.17,19.18,19.19,1900,12700,15500,15800,2300,16400,21700,200,5300,1000,400,500,4100,8900,7900,200,2200,800,400,1000
260.0,19.08,100100,1915509.0,19.08,19.07,19.06,19.05,19.04,19.03,19.02,19.01,19.0,18.99,19.09,19.1,19.11,19.12,19.13,19.14,19.16,19.17,19.18,19.19,1900,12700,15500,15800,2300,16400,21700,200,5300,1000,400,500,4100,8900,7900,200,2200,800,400,1000
261.0,19.08,100100,1915509.0,19.08,19.07,19.06,19.05,19.04,19.03,19.02,19.01,19.0,18.99,19.09,19.1,19.11,19.12,19.13,19.14,19.16,19.17,19.18,19.19,1900,12700,15500,15800,2300,16400,21700,200,5300,1000,400,500,4100,8900,7900,200,2200,800,400,1000
262.0,19.08,100100,1915509.0,19.08,19.07,19.06,19.05,19.04,19.03,19.02,19.01,19.0,18.99,19.09,19.1,19.11,19.12,19.13,19.14,19.16,19.17,19.18,19.19,1900,12700,15500,15800,2300,16400,21700,200,5300,1000,400,1500,4100,8900,7900,200,2200,800,400,1000
263.0,19.08,100100,1915509.0,19.08,19.07,19.06,19.05,19.04,19.03,19.02,19.01,19.0,18.99,19.09,19.1,19.11,19.12,19.13,19.14,19.16,19.17,19.18,19.19,2500,12700,15500,15800,2300,16400,21700,200,5300,1000,400,1500,4100,8900,7900,200,2200,800,400,1000
264.0,19.08,100100,1915509.0,19.08,19.07,19.06,19.05,19.04,19.03,19.02,19.01,19.0,18.99,19.09,19.1,19.11,19.12,19.13,19.14,19.16,19.17,19.18,19.19,2500,12700,15500,15800,2300,16400,21700,200,5300,1000,400,1500,4100,9100,7900,200,2200,800,400,1000
265.0,19.09,100500,1923145.0,19.09,19.08,19.07,19.06,19.05,19.04,19.03,19.02,19.01,19.0,19.1,19.11,19.12,19.13,19.14,19.16,19.17,19.18,19.19,19.2,100,2500,12700,15500,15800,2300,16400,21700,200,5300,1500,4100,9100,7900,200,2200,800,400,1000,1400
266.0,19.1,100600,1925055.0,19.09,19.08,19.07,19.06,19.05,19.04,19.03,19.02,19.01,19.0,19.1,19.11,19.12,19.13,19.14,19.16,19.17,19.18,19.19,19.2,200,2500,13200,15500,15800,2300,16400,21700,200,5300,1400,4100,9100,7900,200,2200,800,400,1000,1400
267.0,19.1,100600,1925055.0,19.09,19.08,19.07,19.06,19.05,19.04,19.03,19.02,19.01,19.0,19.1,19.11,19.12,19.13,19.14,19.16,19.17,19.18,19.19,19.2,200,2500,13200,15500,15800,2300,16400,21700,200,5300,1400,4100,9100,7900,200,2200,800,400,1000,1400
268.0,19.09,100900,1930783.0,19.08,19.07,19.06,19.05,19.04,19.03,19.02,19.01,19.0,18.99,19.09,19.1,19.11,19.12,19.13,19.14,19.16,19.17,19.18,19.19,2500,13200,15500,15800,2300,16400,21700,200,5300,1000,4600,1300,4100,9100,7900,200,2200,800,400,1000
269.0,19.09,100900,1930783.0,19.08,19.07,19.06,19.05,19.04,19.03,19.02,19.01,19.0,18.99,19.09,19.1,19.11,19.12,19.13,19.14,19.16,19.17,19.18,19.19,2500,13200,15500,15800,2300,16400,21700,200,5300,1000,4700,1300,4100,9100,7900,200,2200,800,400,1000
270.0,19.09,100900,1930783.0,19.08,19.07,19.06,19.05,19.04,19.03,19.02,19.01,19.0,18.99,19.09,19.1,19.11,19.12,19.13,19.14,19.16,19.17,19.18,19.19,2500,13200,15500,15800,2300,16400,21700,200,5300,1000,4800,1300,4100,9100,7900,200,2200,800,400,1000
271.0,19.09,101300,1938419.0,19.08,19.07,19.06,19.05,19.04,19.03,19.02,19.01,19.0,18.99,19.09,19.1,19.11,19.12,19.13,19.14,19.16,19.17,19.18,19.19,2500,13200,15500,15800,2300,16400,21700,200,5300,1000,4400,1300,4100,9100,7900,200,2200,800,400,1000
272.0,19.09,102300,1957509.0,19.08,19.07,19.06,19.05,19.04,19.03,19.02,19.01,19.0,18.99,19.09,19.1,19.11,19.12,19.13,19.14,19.16,19.17,19.18,19.19,2500,13200,15500,15800,2300,16400,21700,200,5300,1000,3700,1300,4100,9100,7900,200,2200,800,400,1000
273.0,19.09,102800,1967052.0,19.08,19.07,19.06,19.05,19.04,19.03,19.02,19.01,19.0,18.99,19.09,19.1,19.11,19.12,19.13,19.14,19.16,19.17,19.18,19.19,2300,13200,15500,15800,2300,16400,21700,200,5300,1000,3400,1300,4100,9100,7900,200,2200,800,400,1000
274.0,19.08,102900,1968960.0,19.08,19.07,19.06,19.05,19.04,19.03,19.02,19.01,19.0,18.99,19.09,19.1,19.11,19.12,19.13,19.14,19.16,19.17,19.18,19.19,2200,13200,15500,15800,2300,16400,21700,200,5300,1000,3400,8500,4100,9100,7900,200,2200,800,400,1000
275.0,19.09,103200,1974687.0,19.08,19.07,19.06,19.05,19.04,19.03,19.02,19.01,19.0,18.99,19.09,19.1,19.11,19.12,19.13,19.14,19.16,19.17,19.18,19.19,2200,13200,15500,15800,2300,16400,21700,200,5300,1000,3100,8500,4100,9100,7900,200,2200,800,400,1000
276.0,19.09,103200,1974687.0,19.08,19.07,19.06,19.05,19.04,19.03,19.02,19.01,19.0,18.99,19.09,19.1,19.11,19.12,19.13,19.14,19.16,19.17,19.18,19.19,2200,13200,15500,15800,2300,16400,21700,200,5300,1000,3100,8500,4100,9100,7900,200,2200,800,400,1000
277.0,19.09,106800,2043411.0,19.09,19.08,19.07,19.06,19.05,19.04,19.03,19.02,19.01,19.0,19.1,19.11,19.12,19.13,19.14,19.16,19.17,19.18,19.19,19.2,4400,2200,13200,15500,15800,2300,16400,21700,200,5300,8500,4100,9100,7900,200,2200,800,400,1000,1400
278.0,19.09,108100,2068234.0,19.09,19.08,19.07,19.06,19.05,19.04,19.03,19.02,19.01,19.0,19.1,19.11,19.12,19.13,19.14,19.16,19.17,19.18,19.19,19.2,3700,2200,13200,15500,15800,2300,16400,21700,200,5300,7900,4100,9100,7900,200,2200,800,400,1000,1400
279.0,19.09,108100,2068234.0,19.09,19.08,19.07,19.06,19.05,19.04,19.03,19.02,19.01,19.0,19.1,19.11,19.12,19.13,19.14,19.16,19.17,19.18,19.19,19.2,3700,2200,13200,15500,15800,2300,16400,21700,200,5300,7900,11400,9100,7900,200,2200,800,400,1000,1400
280.0,19.1,108600,2077784.0,19.09,19.08,19.07,19.06,19.05,19.04,19.03,19.02,19.01,19.0,19.1,19.11,19.12,19.13,19.14,19.16,19.17,19.18,19.19,19.2,3700,2200,13200,15500,15800,2300,16400,21700,200,5300,7400,11400,8100,7900,200,2200,800,400,1000,1400
281.0,19.09,110800,2119782.0,19.09,19.08,19.07,19.06,19.05,19.04,19.03,19.02,19.01,19.0,19.1,19.11,19.12,19.13,19.14,19.16,19.18,19.19,19.2,19.22,1500,2200,13200,15500,15800,2300,16400,21700,200,5300,7500,11400,8100,7900,200,2200,400,1000,1400,5700
282.0,19.1,111300,2129332.0,19.09,19.08,19.07,19.06,19.05,19.04,19.03,19.02,19.01,19.0,19.1,19.11,19.12,19.13,19.14,19.16,19.18,19.19,19.2,19.22,1500,2200,13200,15500,15800,2300,16400,21700,200,5300,7000,11400,8100,7900,200,2200,400,1000,1400,5700
283.0,19.1,111300,2129332.0,19.09,19.08,19.07,19.06,19.05,19.04,19.03,19.02,19.01,19.0,19.1,19.11,19.12,19.13,19.14,19.16,19.18,19.19,19.2,19.22,1500,2200,13200,15500,15800,2300,16400,21700,200,5300,7000,11400,8100,7900,200,2200,400,1000,1400,5700
284.0,19.09,112100,2144604.0,19.09,19.08,19.07,19.06,19.05,19.04,19.03,19.02,19.01,19.0,19.1,19.11,19.12,19.13,19.14,19.16,19.18,19.19,19.2,19.22,700,2200,13200,15500,15800,2300,16400,21700,200,5300,7000,11400,8100,7900,200,2200,400,1000,1400,5700
285.0,19.09,114100,2182799.0,19.09,19.08,19.07,19.06,19.05,19.04,19.03,19.02,19.01,19.0,19.1,19.11,19.12,19.13,19.14,19.16,19.18,19.19,19.2,19.22,200,1500,13200,15500,15800,2300,16400,21700,200,5300,5400,11400,8100,7900,200,2200,400,1000,1400,5700
286.0,19.09,114200,2184708.0,19.09,19.08,19.07,19.06,19.05,19.04,19.03,19.02,19.01,19.0,19.1,19.11,19.12,19.13,19.14,19.16,19.18,19.19,19.2,19.22,100,1500,13200,15500,15800,2300,16400,21700,200,5300,5400,11400,8100,7900,200,2200,400,1000,1400,5700
287.0,19.09,114200,2184708.0,19.09,19.08,19.07,19.06,19.05,19.04,19.03,19.02,19.01,19.0,19.1,19.11,19.12,19.13,19.14,19.16,19.18,19.19,19.2,19.22,100,1500,13200,15500,15800,2300,16400,21700,200,5300,5400,11600,7900,7900,200,2200,400,1000,1400,5700
288.0,19.1,115300,2205718.0,19.09,19.08,19.07,19.06,19.05,19.04,19.03,19.02,19.01,19.0,19.1,19.11,19.12,19.13,19.14,19.16,19.18,19.19,19.2,19.22,100,1600,13200,15500,15800,2300,16400,21700,200,5300,6800,11600,7900,7900,200,2200,400,1000,1400,5700
289.0,19.09,115400,2207627.0,19.08,19.07,19.06,19.05,19.04,19.03,19.02,19.01,19.0,18.99,19.09,19.1,19.11,19.12,19.13,19.14,19.16,19.18,19.19,19.2,1600,13200,15500,15800,2300,16400,21700,200,5300,1000,2400,4300,11600,7900,7900,200,2200,400,1000,1400
290.0,19.09,115400,2207627.0,19.08,19.07,19.06,19.05,19.04,19.03,19.02,19.01,19.0,18.99,19.09,19.1,19.11,19.12,19.13,19.14,19.16,19.18,19.19,19.2,1600,13200,15500,15800,2300,16400,21700,200,5300,1000,2500,4300,11600,7900,7900,200,2200,400,1000,1400
291.0,19.09,115400,2207627.0,19.08,19.07,19.06,19.05,19.04,19.03,19.02,19.01,19.0,18.99,19.09,19.1,19.11,19.12,19.13,19.14,19.16,19.18,19.19,19.2,1600,13200,15500,15800,2300,16400,21700,200,5300,1000,2500,4500,11600,7900,7900,200,2200,400,1000,1400
292.0,19.09,115600,2211445.0,19.08,19.07,19.06,19.05,19.04,19.03,19.02,19.01,19.0,18.99,19.09,19.1,19.11,19.12,19.13,19.14,19.16,19.18,19.19,19.2,1600,13200,15500,15800,2300,16400,21700,200,5300,1000,2300,4500,11600,7900,7900,200,2200,400,1000,1400
293.0,19.08,115800,2215261.0,19.08,19.07,19.06,19.05,19.04,19.03,19.02,19.01,19.0,18.99,19.09,19.1,19.11,19.12,19.13,19.14,19.16,19.18,19.19,19.2,1400,13200,15500,15800,2300,16400,21700,200,5300,1000,2300,4500,11600,7900,7900,200,2200,400,1000,1400
294.0,19.08,115800,2215261.0,19.08,19.07,19.06,19.05,19.04,19.03,19.02,19.01,19.0,18.99,19.09,19.1,19.11,19.12,19.13,19.14,19.16,19.18,19.19,19.2,1400,13200,15500,15800,2300,16400,21700,200,5300,1000,2300,4500,11600,7900,7900,200,2200,400,1000,1400
295.0,19.09,116200,2222897.0,19.08,19.07,19.06,19.05,19.04,19.03,19.02,19.01,19.0,18.99,19.09,19.1,19.11,19.12,19.13,19.14,19.16,19.18,19.19,19.2,1400,13200,15500,15800,2300,16400,21700,200,5300,1000,1900,4500,11600,7900,7900,200,2200,400,1000,1400
296.0,19.08,116300,2224805.0,19.08,19.07,19.06,19.05,19.04,19.03,19.02,19.01,19.0,18.99,19.09,19.1,19.11,19.12,19.13,19.14,19.16,19.18,19.19,19.2,1300,13200,15500,15800,2300,16400,21700,200,5300,1000,1900,4500,11600,7900,7900,200,2200,400,1000,1400
297.0,19.09,117200,2241986.0,19.08,19.07,19.06,19.05,19.04,19.03,19.02,19.01,19.0,18.99,19.09,19.1,19.11,19.12,19.13,19.14,19.16,19.18,19.19,19.2,1300,13200,15500,15800,2300,16400,21700,200,5300,1000,1000,4300,11600,7900,7900,200,2200,400,1000,1400
298.0,19.08,118600,2268699.0,19.07,19.06,19.05,19.04,19.03,19.02,19.01,19.0,18.99,18.98,19.08,19.09,19.1,19.11,19.12,19.13,19.14,19.16,19.18,19.19,13200,15500,15800,2300,16400,21700,200,5300,1000,15600,100,900,4300,11600,7900,7900,200,2200,400,1000
299.0,19.08,118600,2268699.0,19.07,19.06,19.05,19.04,19.03,19.02,19.01,19.0,18.99,18.98,19.08,19.09,19.1,19.11,19.12,19.13,19.14,19.16,19.18,19.19,13200,15500,15800,2300,16400,21700,200,5300,1000,15600,300,900,4300,11600,7900,7900,200,2200,400,1000
300.0,19.08,118600,2268699.0,19.07,19.06,19.05,19.04,19.03,19.02,19.01,19.0,18.99,18.98,19.08,19.09,19.1,19.11,19.12,19.13,19.14,19.16,19.18,19.19,13200,15500,15800,2300,16400,21700,200,5300,1000,15600,700,900,4300,11600,7900,7900,200,2200,400,1000
301.0,19.08,118600,2268699.0,19.07,19.06,19.05,19.04,19.03,19.02,19.01,19.0,18.99,18.98,19.08,19.09,19.1,19.11,19.12,19.13,19.14,19.16,19.18,19.19,13200,15500,15800,2300,16400,21700,200,5300,1000,15600,1200,900,4300,11600,7900,7900,200,2200,400,1000
302.0,19.08,118700,2270607.0,19.07,19.06,19.05,19.04,19.03,19.02,19.01,19.0,18.99,18.98,19.08,19.09,19.1,19.11,19.12,19.13,19.14,19.16,19.18,19.19,13200,15500,15800,2300,16400,21700,200,5300,1000,15600,1100,800,4300,11600,7900,7900,200,2200,400,1000
303.0,19.08,118800,2272515.0,19.07,19.06,19.05,19.04,19.03,19.02,19.01,19.0,18.99,18.98,19.08,19.09,19.1,19.11,19.12,19.13,19.14,19.16,19.18,19.19,13200,15500,15800,2300,16400,21700,200,5300,1000,15600,1000,800,4300,11600,7900,7900,200,2200,400,1000
304.0,19.08,118800,2272515.0,19.07,19.06,19.05,19.04,19.03,19.02,19.01,19.0,18.99,18.98,19.08,19.09,19.1,19.11,19.12,19.13,19.14,19.16,19.18,19.19,13200,15500,15800,2300,16400,21700,200,5300,1000,15600,1000,800,4300,11600,7900,7900,200,2200,400,1000
305.0,19.08,118900,2274423.0,19.07,19.06,19.05,19.04,19.03,19.02,19.01,19.0,18.99,18.98,19.08,19.09,19.1,19.11,19.12,19.13,19.14,19.16,19.18,19.19,13200,15500,15800,2300,16400,21700,200,5300,1000,15600,900,800,4300,11600,7900,7900,200,2200,400,1000
306.0,19.08,118900,2274423.0,19.07,19.06,19.05,19.04,19.03,19.02,19.01,19.0,18.99,18.98,19.08,19.09,19.1,19.11,19.12,19.13,19.14,19.16,19.18,19.19,13200,15500,15800,2300,16400,21700,200,5300,1000,15600,900,800,4300,11600,7900,7900,200,2200,400,1000
307.0,19.08,118900,2274423.0,19.07,19.06,19.05,19.04,19.03,19.02,19.01,19.0,18.99,18.98,19.08,19.09,19.1,19.11,19.12,19.13,19.14,19.16,19.18,19.19,13200,15500,15800,2300,16400,21700,200,5300,1000,15600,900,800,4300,11600,7900,7900,200,2200,400,1000
308.0,19.08,119800,2291595.0,19.08,19.07,19.06,19.05,19.04,19.03,19.02,19.01,19.0,18.99,19.09,19.1,19.11,19.12,19.13,19.14,19.16,19.18,19.19,19.2,9100,13200,15500,15800,2300,16400,21700,200,5300,1000,800,4300,11600,7900,7900,200,2200,400,1000,1400
309.0,19.09,119900,2293504.0,19.08,19.07,19.06,19.05,19.04,19.03,19.02,19.01,19.0,18.99,19.09,19.1,19.11,19.12,19.13,19.14,19.16,19.18,19.19,19.2,9100,13200,15500,15800,2300,16400,21700,200,5300,1000,700,4300,11600,7900,7900,200,2200,400,1000,1400
310.0,19.08,120200,2299228.0,19.08,19.07,19.06,19.05,19.04,19.03,19.02,19.01,19.0,18.99,19.09,19.1,19.11,19.12,19.13,19.14,19.16,19.18,19.19,19.2,8800,13200,15500,15800,2300,16400,21700,200,5300,1000,700,4300,11600,7900,7900,200,2200,400,1000,1400
311.0,19.08,120200,2299228.0,19.08,19.07,19.06,19.05,19.04,19.03,19.02,19.01,19.0,18.99,19.09,19.1,19.11,19.12,19.13,19.14,19.16,19.18,19.19,19.2,8800,13200,15500,15800,2300,16400,21700,200,5300,1000,700,4300,11600,7900,7900,200,2200,400,1000,1400
312.0,19.08,120900,2312584.0,19.08,19.07,19.06,19.05,19.04,19.03,19.02,19.01,19.0,18.99,19.09,19.1,19.11,19.12,19.13,19.14,19.16,19.18,19.19,19.2,8100,13200,15500,15800,2300,16400,21700,200,5300,1000,700,4300,11600,7900,7900,200,2200,400,1000,1400
313.0,19.08,120900,2312584.0,19.08,19.07,19.06,19.05,19.04,19.03,19.02,19.01,19.0,18.99,19.09,19.1,19.11,19.12,19.13,19.14,19.16,19.18,19.19,19.2,8100,13200,15500,15800,2300,16400,21700,200,5300,1000,1400,4300,11600,7900,7900,200,2200,400,1000,1400
314.0,19.08,121800,2329756.0,19.08,19.07,19.06,19.05,19.04,19.03,19.02,19.01,19.0,18.99,19.09,19.1,19.11,19.12,19.13,19.14,19.16,19.18,19.19,19.2,7200,13200,15500,15800,2300,16400,21700,200,5300,1000,1600,4300,11600,7900,7900,200,2200,400,1000,1400
315.0,19.09,121900,2331665.0,19.08,19.07,19.06,19.05,19.04,19.03,19.02,19.01,19.0,18.99,19.09,19.1,19.11,19.12,19.13,19.14,19.16,19.18,19.19,19.2,7200,13200,15500,15800,2300,16400,21700,200,5300,1000,2500,4300,11600,7900,7900,200,2200,400,1000,1400
316.0,19.08,122300,2339297.0,19.08,19.07,19.06,19.05,19.04,19.03,19.02,19.01,19.0,18.99,19.09,19.1,19.11,19.12,19.13,19.14,19.16,19.18,19.19,19.2,6800,13200,15500,15800,2300,16400,21700,200,5300,1000,2500,4300,11600,7900,7900,200,2200,400,1000,1400
317.0,19.09,126700,2423250.0,19.08,19.07,19.06,19.05,19.04,19.03,19.02,19.01,19.0,18.99,19.09,19.1,19.11,19.12,19.13,19.14,19.16,19.18,19.19,19.2,2600,13200,15500,15800,2300,16400,21700,200,5300,1000,2400,4300,11600,7900,7900,200,2200,400,1000,1400
318.0,19.08,127600,2440426.0,19.08,19.07,19.06,19.05,19.04,19.03,19.02,19.01,19.0,18.99,19.09,19.1,19.11,19.12,19.13,19.14,19.16,19.18,19.19,19.2,2100,13200,15500,15800,2300,16400,21700,200,5400,1000,2000,4300,11600,7900,7900,200,2200,400,1000,1400
319.0,19.08,127900,2446150.0,19.08,19.07,19.06,19.05,19.04,19.03,19.02,19.01,19.0,18.99,19.09,19.1,19.11,19.12,19.13,19.14,19.16,19.18,19.19,19.2,1800,13200,15500,15800,2300,16400,21700,200,5400,1000,2000,4300,11600,7900,7900,200,2200,400,1000,1400
320.0,19.08,127900,2446150.0,19.08,19.07,19.06,19.05,19.04,19.03,19.02,19.01,19.0,18.99,19.09,19.1,19.11,19.12,19.13,19.14,19.16,19.18,19.19,19.2,1800,13200,15500,15800,2300,16400,21700,200,5400,1000,2000,4300,11600,7900,7900,200,2200,400,1000,1400
321.0,19.08,127900,2446150.0,19.08,19.07,19.06,19.05,19.04,19.03,19.02,19.01,19.0,18.99,19.09,19.1,19.11,19.12,19.13,19.14,19.16,19.18,19.19,19.2,1800,13200,15500,15800,2300,16400,21700,200,5400,1000,2000,4300,11600,7900,7900,200,2200,400,1000,1400
322.0,19.07,143100,2736036.0,19.06,19.05,19.04,19.03,19.02,19.01,19.0,18.99,18.98,18.96,19.07,19.08,19.09,19.1,19.11,19.12,19.13,19.14,19.16,19.18,15500,15800,2300,16400,21700,200,5400,1000,15600,300,12900,100,1800,4300,11600,7900,7900,200,2200,400
323.0,19.07,143100,2736036.0,19.06,19.05,19.04,19.03,19.02,19.01,19.0,18.99,18.98,18.96,19.07,19.08,19.09,19.1,19.11,19.12,19.13,19.14,19.16,19.18,15500,15800,2300,16400,21700,200,5400,1000,15600,300,12900,300,1700,4300,11600,7900,7900,200,2200,400
324.0,19.07,143100,2736036.0,19.06,19.05,19.04,19.03,19.02,19.01,19.0,18.99,18.98,18.96,19.07,19.08,19.09,19.1,19.11,19.12,19.13,19.14,19.16,19.18,15500,15800,2300,16400,21700,200,5400,1000,15600,300,12900,300,1700,4300,11600,7900,7900,200,2200,400
325.0,19.07,143600,2745571.0,19.06,19.05,19.04,19.03,19.02,19.01,19.0,18.99,18.98,18.96,19.07,19.08,19.09,19.1,19.11,19.12,19.13,19.14,19.16,19.18,15500,15800,2300,16400,21700,200,5400,1000,15600,300,12400,300,1700,4300,11600,7900,7900,200,2200,400
326.0,19.06,144300,2758918.0,19.06,19.05,19.04,19.03,19.02,19.01,19.0,18.99,18.98,18.96,19.07,19.08,19.09,19.1,19.11,19.12,19.13,19.14,19.16,19.18,15300,15800,2300,16400,21700,200,5400,1000,15600,300,11900,300,1700,4300,11600,7900,7900,200,2200,400
327.0,19.06,144300,2758918.0,19.06,19.05,19.04,19.03,19.02,19.01,19.0,18.99,18.98,18.96,19.07,19.08,19.09,19.1,19.11,19.12,19.13,19.14,19.16,19.18,15300,15800,2300,16400,21700,200,5400,1000,15600,300,11900,300,1700,4300,11600,7900,7900,200,2200,400
328.0,19.07,144800,2768453.0,19.06,19.05,19.04,19.03,19.02,19.01,19.0,18.99,18.98,18.96,19.07,19.08,19.09,19.1,19.11,19.12,19.13,19.14,19.16,19.18,15300,15800,2300,16400,21700,200,5400,1000,15600,300,11400,300,1700,4300,11600,7900,7900,200,2200,400
329.0,19.06,145000,2772265.0,19.06,19.05,19.04,19.03,19.02,19.01,19.0,18.99,18.98,18.96,19.07,19.08,19.09,19.1,19.11,19.12,19.13,19.14,19.16,19.18,15100,15900,2300,16400,21700,200,5400,1000,15600,300,11400,300,1700,4300,11600,7900,7900,200,2200,400
330.0,19.06,145000,2772265.0,19.06,19.05,19.04,19.03,19.02,19.01,19.0,18.99,18.98,18.96,19.07,19.08,19.09,19.1,19.11,19.12,19.13,19.14,19.16,19.18,15100,15900,2300,16400,21700,200,5400,1000,15600,300,11400,300,1700,4300,11400,7900,7900,200,2200,400
331.0,19.07,146800,2806590.0,19.06,19.05,19.04,19.03,19.02,19.01,19.0,18.99,18.98,18.96,19.07,19.08,19.09,19.1,19.11,19.12,19.13,19.14,19.16,19.18,15000,15900,2300,16400,21700,200,5400,1000,15600,300,9700,300,1700,4300,11400,7900,7900,200,2200,400
332.0,19.07,146900,2808497.0,19.06,19.05,19.04,19.03,19.02,19.01,19.0,18.99,18.98,18.96,19.07,19.08,19.09,19.1,19.11,19.12,19.13,19.14,19.16,19.18,15000,15900,2300,16400,21700,200,5400,1000,15600,300,9600,300,1700,4300,11400,7900,7900,200,2200,400
333.0,19.07,147400,2818032.0,19.06,19.05,19.04,19.03,19.02,19.01,19.0,18.99,18.98,18.96,19.07,19.08,19.09,19.1,19.11,19.12,19.13,19.14,19.16,19.18,5000,15900,2300,16400,21700,200,5400,1000,15600,300,9100,300,1700,4300,11400,7900,7900,200,2200,400
334.0,19.07,147900,2827567.0,19.06,19.05,19.04,19.03,19.02,19.01,19.0,18.99,18.98,18.96,19.07,19.08,19.09,19.1,19.11,19.12,19.13,19.14,19.16,19.18,5000,15900,2300,16400,21700,200,5400,1000,15600,300,8600,300,1700,4300,11400,7900,7900,200,2200,400
335.0,19.07,147900,2827567.0,19.06,19.05,19.04,19.03,19.02,19.01,19.0,18.99,18.98,18.96,19.07,19.08,19.09,19.1,19.11,19.12,19.13,19.14,19.16,19.18,5000,15900,2300,16400,21700,200,5400,1000,15600,300,8600,300,1900,4300,11400,7900,7900,200,2200,400
336.0,19.07,147900,2827567.0,19.06,19.05,19.04,19.03,19.02,19.01,19.0,18.99,18.98,18.96,19.07,19.08,19.09,19.1,19.11,19.12,19.13,19.14,19.16,19.18,5000,15900,2300,16400,21700,200,5400,1000,15600,300,8600,300,1900,4300,11400,7900,7900,200,2200,400
337.0,19.07,148400,2837102.0,19.06,19.05,19.04,19.03,19.02,19.01,19.0,18.99,18.98,18.96,19.07,19.08,19.09,19.1,19.11,19.12,19.13,19.14,19.16,19.18,5000,15900,2300,16400,21700,200,5400,1000,15600,300,8100,300,1900,4300,11400,7900,7900,200,2200,400
338.0,19.06,148600,2840914.0,19.06,19.05,19.04,19.03,19.02,19.01,19.0,18.99,18.98,18.96,19.07,19.08,19.09,19.1,19.11,19.12,19.13,19.14,19.16,19.18,4800,15900,2300,16400,21700,200,5400,1000,15600,300,8100,300,1900,4300,11400,7900,7900,200,2200,400
339.0,19.06,148600,2840914.0,19.06,19.05,19.04,19.03,19.02,19.01,19.0,18.99,18.98,18.96,19.07,19.08,19.09,19.1,19.11,19.12,19.13,19.14,19.16,19.18,4800,15900,2300,16400,21700,200,5400,1000,15600,300,8100,300,1900,4300,11400,7900,7900,200,2200,400
340.0,19.07,149500,2858077.0,19.06,19.05,19.04,19.03,19.02,19.01,19.0,18.99,18.98,18.96,19.07,19.08,19.09,19.1,19.11,19.12,19.13,19.14,19.16,19.18,4800,15900,2300,16400,21700,200,5400,1000,15600,300,7200,300,1900,4300,11400,7900,7900,200,2200,400
341.0,19.07,150000,2867612.0,19.06,19.05,19.04,19.03,19.02,19.01,19.0,18.99,18.98,18.96,19.07,19.08,19.09,19.1,19.11,19.12,19.13,19.14,19.16,19.18,4800,16400,2300,16400,21700,200,5400,1000,15600,300,6700,300,1900,4300,11400,7900,7900,200,2200,400
342.0,19.06,150100,2869518.0,19.06,19.05,19.04,19.03,19.02,19.01,19.0,18.99,18.98,18.96,19.07,19.08,19.09,19.1,19.11,19.12,19.13,19.14,19.16,19.18,4700,16400,2300,16400,21700,200,5400,1000,15600,300,6700,300,1900,4300,11400,7900,7900,200,2200,400
343.0,19.07,151600,2898123.0,19.06,19.05,19.04,19.03,19.02,19.01,19.0,18.99,18.98,18.96,19.07,19.08,19.09,19.1,19.11,19.12,19.13,19.14,19.16,19.18,4700,16400,2300,16400,21700,200,5400,1000,15600,300,5200,300,1900,4300,11400,7900,7900,200,2200,400
344.0,19.06,151800,2901935.0,19.06,19.05,19.04,19.03,19.02,19.01,19.0,18.99,18.98,18.96,19.07,19.08,19.09,19.1,19.11,19.12,19.13,19.14,19.16,19.18,4500,16900,2300,16400,21700,200,5400,1000,15600,300,5200,300,1900,4300,11400,7900,7900,200,2200,400
345.0,19.06,151800,2901935.0,19.06,19.05,19.04,19.03,19.02,19.01,19.0,18.99,18.98,18.96,19.07,19.08,19.09,19.1,19.11,19.12,19.13,19.14,19.16,19.18,4500,16900,2300,16400,21700,200,5400,1000,15600,300,5200,300,1900,4300,11400,7900,7900,200,2200,400
346.0,19.06,151800,2901935.0,19.06,19.05,19.04,19.03,19.02,19.01,19.0,18.99,18.98,18.96,19.07,19.08,19.09,19.1,19.11,19.12,19.13,19.14,19.16,19.18,4500,16900,2300,16400,21700,200,5400,1000,15600,300,5200,300,1900,4300,11400,7900,7900,200,2200,400
347.0,19.07,152300,2911470.0,19.06,19.05,19.04,19.03,19.02,19.01,19.0,18.99,18.98,18.96,19.07,19.08,19.09,19.1,19.11,19.12,19.13,19.14,19.16,19.18,14500,16900,2300,16400,21700,200,5400,1000,15600,300,4700,300,1900,4300,11400,7900,7900,200,2200,400
348.0,19.07,152700,2919098.0,19.06,19.05,19.04,19.03,19.02,19.01,19.0,18.99,18.98,18.96,19.07,19.08,19.09,19.1,19.11,19.12,19.13,19.14,19.16,19.18,14500,16900,2300,16400,21700,200,5400,1000,15600,300,4300,300,1900,4300,11400,7900,7900,200,2200,400
349.0,19.07,152700,2919098.0,19.06,19.05,19.04,19.03,19.02,19.01,19.0,18.99,18.98,18.96,19.07,19.08,19.09,19.1,19.11,19.12,19.13,19.14,19.16,19.18,15500,16900,2300,16400,21700,200,5400,1000,15600,300,4300,300,1900,4300,11400,7900,7900,200,2200,400
350.0,19.07,153100,2926726.0,19.06,19.05,19.04,19.03,19.02,19.01,19.0,18.99,18.98,18.96,19.07,19.08,19.09,19.1,19.11,19.12,19.13,19.14,19.16,19.18,15500,16900,2300,6400,21700,200,5400,1000,15600,300,4900,300,1900,4300,11400,7900,7900,200,2200,400
351.0,19.07,153100,2926726.0,19.06,19.05,19.04,19.03,19.02,19.01,19.0,18.99,18.98,18.96,19.07,19.08,19.09,19.1,19.11,19.12,19.13,19.14,19.16,19.18,15500,16900,2300,6400,21700,200,5400,1000,15600,300,4900,300,1900,4300,11400,7900,7900,200,2200,400
352.0,19.07,155700,2976308.0,19.06,19.05,19.04,19.03,19.02,19.01,19.0,18.99,18.98,18.96,19.07,19.08,19.09,19.1,19.11,19.12,19.13,19.14,19.16,19.18,15500,16900,2300,6400,21700,200,5400,1000,15600,300,2300,300,1900,4300,11400,7900,7900,200,2200,400
353.0,19.07,156000,2982029.0,19.06,19.05,19.04,19.03,19.02,19.01,19.0,18.99,18.98,18.96,19.07,19.08,19.09,19.1,19.11,19.12,19.13,19.14,19.16,19.18,15500,16900,2300,6400,21700,200,5400,1000,15600,300,2200,300,1900,4300,11400,7900,7900,200,2200,400
354.0,19.07,156000,2982029.0,19.06,19.05,19.04,19.03,19.02,19.01,19.0,18.99,18.98,18.96,19.07,19.08,19.09,19.1,19.11,19.12,19.13,19.14,19.16,19.18,15500,16900,2300,6400,21700,200,5400,1000,15600,300,2200,300,1900,4300,11400,7900,7900,200,2200,400
355.0,19.07,156400,2989657.0,19.06,19.05,19.04,19.03,19.02,19.01,19.0,18.99,18.98,18.96,19.07,19.08,19.09,19.1,19.11,19.12,19.13,19.14,19.16,19.18,15500,16900,2300,6400,21700,200,5400,1000,15600,300,1800,300,1900,4300,11400,7900,7900,200,2200,400
356.0,19.07,156500,2991564.0,19.06,19.05,19.04,19.03,19.02,19.01,19.0,18.99,18.98,18.96,19.07,19.08,19.09,19.1,19.11,19.12,19.13,19.14,19.16,19.18,15500,16900,2300,6400,21700,200,5400,1000,15600,300,1700,300,1900,4300,11400,7900,7900,200,2200,400
357.0,19.07,156600,2993471.0,19.06,19.05,19.04,19.03,19.02,19.01,19.0,18.99,18.98,18.96,19.07,19.08,19.09,19.1,19.11,19.12,19.13,19.14,19.16,19.18,15500,16900,2300,6400,21700,200,5400,1000,15600,300,1600,300,1900,4300,11400,7900,7900,200,2200,400
358.0,19.07,156600,2993471.0,19.06,19.05,19.04,19.03,19.02,19.01,19.0,18.99,18.98,18.96,19.07,19.08,19.09,19.1,19.11,19.12,19.13,19.14,19.16,19.18,15500,16900,2300,6400,21700,200,5400,1000,15600,300,1600,300,1900,4300,11400,7900,7900,200,2200,400
359.0,19.07,156600,2993471.0,19.06,19.05,19.04,19.03,19.02,19.01,19.0,18.99,18.98,18.96,19.07,19.08,19.09,19.1,19.11,19.12,19.13,19.14,19.16,19.18,15500,16900,2300,6400,21700,200,5400,1000,15600,300,1600,300,1900,4300,11400,7900,7900,200,2200,400
360.0,19.07,156700,2995378.0,19.06,19.05,19.04,19.03,19.02,19.01,19.0,18.99,18.98,18.96,19.07,19.08,19.09,19.1,19.11,19.12,19.13,19.14,19.16,19.18,15500,16900,2300,6400,21700,200,5400,1000,15600,300,1500,300,1900,4300,11400,7900,7900,200,2200,400
361.0,19.07,156700,2995378.0,19.06,19.05,19.04,19.03,19.02,19.01,19.0,18.99,18.98,18.96,19.07,19.08,19.09,19.1,19.11,19.12,19.13,19.14,19.16,19.18,15500,16900,2300,6400,21700,200,5400,1000,15600,300,1500,300,1900,4300,11400,7900,7900,200,2200,400
362.0,19.07,156700,2995378.0,19.06,19.05,19.04,19.03,19.02,19.01,19.0,18.99,18.98,18.96,19.07,19.08,19.09,19.1,19.11,19.12,19.13,19.14,19.16,19.18,15500,16900,2300,6200,21700,200,5400,1000,15600,300,2100,300,1900,4300,11400,7900,7900,200,2200,400
363.0,19.07,156900,2999192.0,19.06,19.05,19.04,19.03,19.02,19.01,19.0,18.99,18.98,18.96,19.07,19.08,19.09,19.1,19.11,19.12,19.13,19.14,19.16,19.18,15500,16900,2300,6200,21700,200,5400,1000,15600,300,1900,300,1900,4300,11400,7900,7900,200,2200,400
364.0,19.07,157000,3001099.0,19.06,19.05,19.04,19.03,19.02,19.01,19.0,18.99,18.98,18.96,19.07,19.08,19.09,19.1,19.11,19.12,19.13,19.14,19.16,19.18,15500,16900,2300,6200,21700,200,5400,1000,15600,300,3700,300,1900,4300,11400,7900,7900,200,2200,400
365.0,19.07,157000,3001099.0,19.06,19.05,19.04,19.03,19.02,19.01,19.0,18.99,18.98,18.96,19.07,19.08,19.09,19.1,19.11,19.12,19.13,19.14,19.16,19.18,15500,16900,2300,6200,21700,200,5400,1000,15600,300,3700,300,1900,4300,11400,7900,7900,200,2200,400
366.0,19.07,157700,3014448.0,19.06,19.05,19.04,19.03,19.02,19.01,19.0,18.99,18.98,18.96,19.07,19.08,19.09,19.1,19.11,19.12,19.13,19.14,19.16,19.18,15500,16900,2300,6200,21700,200,5400,1000,15600,300,3000,300,1900,4300,11400,7900,7900,200,2200,400
367.0,19.07,158000,3020169.0,19.06,19.05,19.04,19.03,19.02,19.01,19.0,18.99,18.98,18.96,19.07,19.08,19.09,19.1,19.11,19.12,19.13,19.14,19.16,19.18,15500,16900,2300,6200,21700,200,5400,1000,15600,300,2700,300,1900,4300,11400,7900,7900,200,2200,400
368.0,19.07,158000,3020169.0,19.06,19.05,19.04,19.03,19.02,19.01,19.0,18.99,18.98,18.96,19.07,19.08,19.09,19.1,19.11,19.12,19.13,19.14,19.16,19.18,16300,16900,2300,6200,21700,200,5400,1000,15600,300,2700,300,1900,4300,11400,7900,7900,200,2200,400
369.0,19.07,158000,3020169.0,19.06,19.05,19.04,19.03,19.02,19.01,19.0,18.99,18.98,18.96,19.07,19.08,19.09,19.1,19.11,19.12,19.13,19.14,19.16,19.18,16300,16900,2300,6200,21700,200,5400,1000,15600,300,2700,300,1900,4300,11400,7900,7900,200,2200,400
370.0,19.07,158200,3023983.0,19.06,19.05,19.04,19.03,19.02,19.01,19.0,18.99,18.98,18.96,19.07,19.08,19.09,19.1,19.11,19.12,19.13,19.14,19.16,19.18,16300,16900,2300,6200,21700,200,5400,1000,15600,300,2700,300,1700,4300,11400,7900,7900,200,2200,400
371.0,19.07,158400,3027797.0,19.06,19.05,19.04,19.03,19.02,19.01,19.0,18.99,18.98,18.96,19.07,19.08,19.09,19.1,19.11,19.12,19.13,19.14,19.16,19.18,16300,16900,2300,6200,22200,200,5400,1000,15600,300,2500,300,1700,4300,11400,7900,7900,200,2200,400
372.0,19.07,158400,3027797.0,19.06,19.05,19.04,19.03,19.02,19.01,19.0,18.99,18.98,18.96,19.07,19.08,19.09,19.1,19.11,19.12,19.13,19.14,19.16,19.18,16300,16900,2300,6200,22200,200,5400,1000,15600,300,2500,300,1700,4300,11400,7900,7900,200,2200,400
373.0,19.07,158400,3027797.0,19.06,19.05,19.04,19.03,19.02,19.01,19.0,18.99,18.98,18.96,19.07,19.08,19.09,19.1,19.11,19.12,19.13,19.14,19.16,19.18,16300,16900,2300,6200,22200,200,5400,1000,15600,300,2500,300,1700,4300,11400,7900,7900,200,2200,400
374.0,19.07,158600,3031611.0,19.06,19.05,19.04,19.03,19.02,19.01,19.0,18.99,18.98,18.96,19.07,19.08,19.09,19.1,19.11,19.12,19.13,19.14,19.16,19.18,16300,16900,2300,6200,22200,200,5400,1000,15600,300,2300,300,1700,4300,11400,7900,7900,200,2200,400
375.0,19.07,159000,3039239.0,19.06,19.05,19.04,19.03,19.02,19.01,19.0,18.99,18.98,18.96,19.07,19.08,19.09,19.1,19.11,19.12,19.13,19.14,19.16,19.18,16300,16900,2300,6200,22200,200,5400,1200,15600,300,1900,300,1700,4300,11400,7900,7900,200,2200,400
376.0,19.07,159000,3039239.0,19.06,19.05,19.04,19.03,19.02,19.01,19.0,18.99,18.98,18.96,19.07,19.08,19.09,19.1,19.11,19.12,19.13,19.14,19.16,19.18,16300,16900,2300,6200,22200,200,5400,1200,15600,300,1900,300,1700,4300,11400,7900,7900,200,2200,400
377.0,19.07,159100,3041146.0,19.06,19.05,19.04,19.03,19.02,19.01,19.0,18.99,18.98,18.96,19.07,19.08,19.09,19.1,19.11,19.12,19.13,19.14,19.16,19.18,16300,16900,2300,6200,22200,200,5400,1200,15600,300,1800,300,1700,4300,11400,7900,7900,200,2200,400
378.0,19.07,159400,3046867.0,19.06,19.05,19.04,19.03,19.02,19.01,19.0,18.99,18.98,18.96,19.07,19.08,19.09,19.1,19.11,19.12,19.13,19.14,19.16,19.18,16300,16900,2300,6200,22200,200,5400,1200,15600,300,1500,300,1700,4300,11400,7900,7900,200,2200,400
379.0,19.07,159500,3048774.0,19.06,19.05,19.04,19.03,19.02,19.01,19.0,18.99,18.98,18.96,19.07,19.08,19.09,19.1,19.11,19.12,19.13,19.14,19.16,19.18,16300,16900,2300,6200,22200,200,5400,1200,15600,300,1400,300,1700,4300,11400,7900,7900,200,2200,400
380.0,19.07,159500,3048774.0,19.06,19.05,19.04,19.03,19.02,19.01,19.0,18.99,18.98,18.96,19.07,19.08,19.09,19.1,19.11,19.12,19.13,19.14,19.16,19.18,16300,16900,2300,6200,22200,200,5400,1200,15600,300,1400,500,1700,4300,11400,7900,7900,200,2200,400
381.0,19.07,159600,3050681.0,19.06,19.05,19.04,19.03,19.02,19.01,19.0,18.99,18.98,18.96,19.07,19.08,19.09,19.1,19.11,19.12,19.13,19.14,19.16,19.18,16300,16900,2300,6200,22200,200,5400,1200,15600,300,1300,500,1700,4300,11400,7900,7900,200,2200,400
382.0,19.07,159600,3050681.0,19.06,19.05,19.04,19.03,19.02,19.01,19.0,18.99,18.98,18.97,19.07,19.08,19.09,19.1,19.11,19.12,19.13,19.14,19.16,19.18,16300,16900,2300,6200,22200,200,5400,1200,15600,400,1300,500,1700,4300,11400,7900,7900,200,2200,400
383.0,19.07,159600,3050681.0,19.06,19.05,19.04,19.03,19.02,19.01,19.0,18.99,18.98,18.97,19.07,19.08,19.09,19.1,19.11,19.12,19.13,19.14,19.16,19.18,16300,16900,2300,6200,22200,200,5400,1200,15600,400,1300,500,1700,4300,11400,7900,7900,200,2200,400
384.0,19.07,159700,3052588.0,19.06,19.05,19.04,19.03,19.02,19.01,19.0,18.99,18.98,18.97,19.07,19.08,19.09,19.1,19.11,19.12,19.13,19.14,19.16,19.18,16300,16900,2300,6200,22200,200,5400,1200,15600,400,1200,500,1700,4300,11400,7900,7900,200,2200,400
385.0,19.07,159700,3052588.0,19.06,19.05,19.04,19.03,19.02,19.01,19.0,18.99,18.98,18.97,19.07,19.08,19.09,19.1,19.11,19.12,19.13,19.14,19.16,19.18,16300,16900,2300,6200,22200,200,5400,1200,15600,400,1200,500,1700,4300,11400,7900,7900,200,2200,400
386.0,19.07,160100,3060216.0,19.06,19.05,19.04,19.03,19.02,19.01,19.0,18.99,18.98,18.97,19.07,19.08,19.09,19.1,19.11,19.12,19.13,19.14,19.16,19.18,16300,16900,2300,6200,22200,200,5400,1200,15600,400,800,500,1700,4300,11400,7900,7900,200,2200,400
387.0,19.07,160900,3075472.0,19.07,19.06,19.05,19.04,19.03,19.02,19.01,19.0,18.99,18.98,19.08,19.09,19.1,19.11,19.12,19.13,19.14,19.16,19.18,19.19,9200,16300,16900,2300,6200,22200,200,5400,1200,15600,500,1700,4300,11400,7900,7900,200,2200,400,1000
388.0,19.07,160900,3075472.0,19.07,19.06,19.05,19.04,19.03,19.02,19.01,19.0,18.99,18.98,19.08,19.09,19.1,19.11,19.12,19.13,19.14,19.16,19.18,19.19,9200,16300,16900,2300,6200,22200,200,5400,1200,15600,300,1700,4300,11400,7900,7900,200,2200,400,1000
389.0,19.07,160900,3075472.0,19.07,19.06,19.05,19.04,19.03,19.02,19.01,19.0,18.99,18.98,19.08,19.09,19.1,19.11,19.12,19.13,19.14,19.16,19.18,19.19,9200,16300,16900,2300,6200,22200,200,5400,1200,15600,300,1700,4300,11400,7900,7900,200,2200,400,1000
390.0,19.07,160900,3075472.0,19.07,19.06,19.05,19.04,19.03,19.02,19.01,19.0,18.99,18.98,19.08,19.09,19.1,19.11,19.12,19.13,19.14,19.16,19.18,19.19,9200,16300,16900,2300,6200,22200,200,5400,1200,15600,300,1700,4300,11400,7900,7900,200,2200,400,1000
391.0,19.07,161100,3079286.0,19.07,19.06,19.05,19.04,19.03,19.02,19.01,19.0,18.99,18.98,19.08,19.09,19.1,19.11,19.12,19.13,19.14,19.16,19.18,19.19,9000,16300,16900,2300,6200,22200,200,5400,1200,15600,300,1700,4300,11400,7900,7900,200,2200,400,1000
392.0,19.07,161100,3079286.0,19.07,19.06,19.05,19.04,19.03,19.02,19.01,19.0,18.99,18.98,19.08,19.09,19.1,19.11,19.12,19.13,19.14,19.16,19.18,19.19,9000,16300,16900,2300,6200,24200,200,5400,1200,15600,300,1700,4300,11400,7900,7900,200,2200,400,1000
393.0,19.07,161100,3079286.0,19.07,19.06,19.05,19.04,19.03,19.02,19.01,19.0,18.99,18.98,19.08,19.09,19.1,19.11,19.12,19.13,19.14,19.16,19.18,19.19,9000,16300,16900,2300,6200,24200,200,5400,1200,15600,300,1700,4300,11400,7900,7900,200,2200,400,1000
394.0,19.07,161100,3079286.0,19.07,19.06,19.05,19.04,19.03,19.02,19.01,19.0,18.99,18.98,19.08,19.09,19.1,19.11,19.12,19.13,19.14,19.16,19.18,19.19,9000,16300,16900,2300,6200,24200,200,5400,1200,15600,300,1700,4300,11400,7900,7900,200,2200,400,1000
395.0,19.07,161100,3079286.0,19.07,19.06,19.05,19.04,19.03,19.02,19.01,19.0,18.99,18.98,19.08,19.09,19.1,19.11,19.12,19.13,19.14,19.16,19.18,19.19,9000,16300,16900,2300,6200,24200,200,5400,1200,15600,300,1700,4300,11400,7900,7900,200,2200,400,1000
396.0,19.07,161100,3079286.0,19.07,19.06,19.05,19.04,19.03,19.02,19.01,19.0,18.99,18.98,19.08,19.09,19.1,19.11,19.12,19.13,19.14,19.16,19.18,19.19,9000,16300,16900,2300,6200,24200,200,5400,1200,15600,300,1700,4300,11400,7900,7900,200,2200,400,1000
397.0,19.07,161600,3088821.0,19.07,19.06,19.05,19.04,19.03,19.02,19.01,19.0,18.99,18.98,19.08,19.09,19.1,19.11,19.12,19.13,19.14,19.16,19.18,19.19,8500,16300,16900,2300,6200,24200,200,5400,1200,15600,300,1700,4300,11400,7900,7900,200,2200,400,1000
398.0,19.07,161600,3088821.0,19.07,19.06,19.05,19.04,19.03,19.02,19.01,19.0,18.99,18.98,19.08,19.09,19.1,19.11,19.12,19.13,19.14,19.16,19.18,19.19,19200,16300,16900,2300,6200,24200,200,5400,1200,15600,300,1700,4300,11400,7900,7900,200,2200,400,1000
399.0,19.07,161600,3088821.0,19.07,19.06,19.05,19.04,19.03,19.02,19.01,19.0,18.99,18.98,19.08,19.09,19.1,19.11,19.12,19.13,19.14,19.16,19.18,19.19,19200,16300,16900,2300,6200,24200,200,5400,1200,15600,300,1700,4300,11400,7900,7900,200,2200,400,1000
400.0,19.07,161600,3088821.0,19.07,19.06,19.05,19.04,19.03,19.02,19.01,19.0,18.99,18.98,19.08,19.09,19.1,19.11,19.12,19.13,19.14,19.16,19.18,19.19,19200,16300,16900,2300,6200,24200,200,5400,1200,15600,300,1700,4300,11400,7900,7900,200,2200,400,1000
401.0,19.07,161600,3088821.0,19.07,19.06,19.05,19.04,19.03,19.02,19.01,19.0,18.99,18.98,19.08,19.09,19.1,19.11,19.12,19.13,19.14,19.16,19.18,19.19,19200,16300,16900,2300,6200,24200,200,5400,1200,15600,300,1700,4300,11400,7900,7900,200,2200,400,1000
402.0,19.08,161700,3090729.0,19.07,19.06,19.05,19.04,19.03,19.02,19.01,19.0,18.99,18.98,19.08,19.09,19.1,19.11,19.12,19.13,19.14,19.16,19.18,19.19,18700,16300,16900,2300,6200,24200,200,5400,1200,15600,200,1700,4300,11400,7900,7900,200,2200,400,1000
403.0,19.08,161700,3090729.0,19.07,19.06,19.05,19.04,19.03,19.02,19.01,19.0,18.99,18.98,19.08,19.09,19.1,19.11,19.12,19.13,19.14,19.16,19.18,19.19,18700,16300,16900,2300,6200,24200,200,5400,1000,15600,200,1700,4300,11400,7900,7900,200,2200,400,1000
