LocalTime,LastPrice,TradeVolume,TradeValue,BidPrice1,BidPrice2,BidPrice3,BidPrice4,BidPrice5,BidPrice6,BidPrice7,BidPrice8,BidPrice9,BidPriceA,AskPrice1,AskPrice2,AskPrice3,AskPrice4,AskPrice5,AskPrice6,AskPrice7,AskPrice8,AskPrice9,AskPriceA,BidVolume1,BidVolume2,BidVolume3,BidVolume4,BidVolume5,BidVolume6,BidVolume7,BidVolume8,BidVolume9,BidVolumeA,AskVolume1,AskVolume2,AskVolume3,AskVolume4,AskVolume5,AskVolume6,AskVolume7,AskVolume8,AskVolume9,AskVolumeA
0.0,13.26,2200,29172.0,13.2,13.16,13.15,13.14,13.13,13.12,13.11,13.1,13.09,13.07,13.27,13.3,13.34,13.36,13.38,13.4,13.43,13.5,13.51,13.54,1000,1500,1700,200,500,1700,1800,13000,400,200,4000,6000,200,500,200,10100,600,800,200,500
1.0,13.26,2200,29172.0,13.2,13.16,13.15,13.14,13.13,13.12,13.11,13.1,13.09,13.07,13.26,13.27,13.3,13.34,13.36,13.38,13.4,13.43,13.5,13.51,1600,1500,1700,200,300,1700,1800,13000,400,200,200,4000,8000,200,500,200,10100,600,800,200
2.0,13.26,2200,29172.0,13.2,13.16,13.15,13.14,13.12,13.11,13.1,13.09,13.07,13.05,13.26,13.27,13.3,13.34,13.36,13.38,13.4,13.43,13.5,13.51,1600,1500,1700,200,1700,1800,13000,400,200,1300,2000,4000,3000,200,500,200,10100,600,800,200
3.0,13.26,2200,29172.0,13.2,13.17,13.16,13.15,13.14,13.12,13.11,13.1,13.09,13.07,13.26,13.27,13.3,13.34,13.36,13.38,13.4,13.43,13.5,13.51,1600,1100,1500,1700,200,1700,1800,13000,400,200,2000,4700,3000,200,500,200,10100,600,800,200
4.0,13.26,2200,29172.0,13.2,13.17,13.16,13.15,13.14,13.13,13.12,13.11,13.1,13.09,13.26,13.27,13.29,13.3,13.34,13.36,13.38,13.39,13.4,13.43,1600,1100,1500,1700,400,200,1700,1800,13000,400,2000,4000,200,3000,200,500,200,900,10100,600
5.0,13.2,2300,30492.0,13.2,13.17,13.16,13.15,13.14,13.13,13.12,13.11,13.1,13.09,13.26,13.27,13.29,13.3,13.34,13.36,13.38,13.39,13.4,13.43,1600,1100,1500,1700,400,200,1700,1800,13000,400,2100,4000,200,3000,200,500,200,900,10100,600
6.0,13.2,2300,30492.0,13.2,13.17,13.16,13.15,13.14,13.13,13.12,13.11,13.1,13.09,13.26,13.27,13.29,13.3,13.34,13.36,13.38,13.39,13.4,13.43,1600,1100,1500,1700,400,200,1700,1800,13000,200,2100,4000,200,4000,200,500,200,900,10100,600
7.0,13.2,2400,31812.0,13.2,13.18,13.17,13.16,13.15,13.14,13.13,13.12,13.11,13.1,13.25,13.26,13.27,13.29,13.3,13.34,13.36,13.38,13.39,13.4,1500,10000,1100,3000,1700,400,200,1700,2000,13000,1000,2200,4000,200,4000,200,500,200,900,10100
8.0,13.25,3200,42412.0,13.21,13.2,13.18,13.17,13.16,13.15,13.14,13.13,13.12,13.11,13.25,13.26,13.27,13.29,13.3,13.34,13.36,13.38,13.39,13.4,100,1500,10000,1100,3000,1700,400,200,1700,2000,200,3200,4000,200,4000,200,600,200,900,10100
9.0,13.2,3400,45053.0,13.2,13.18,13.17,13.16,13.15,13.14,13.13,13.12,13.11,13.1,13.25,13.26,13.27,13.29,13.3,13.34,13.36,13.38,13.39,13.4,1400,10000,1100,3000,1700,400,200,1700,2000,13000,200,3200,4000,200,4000,200,600,200,900,10100
10.0,13.2,3500,46373.0,13.2,13.18,13.17,13.16,13.15,13.14,13.13,13.12,13.11,13.1,13.25,13.26,13.27,13.29,13.3,13.34,13.36,13.38,13.39,13.4,1300,10000,1100,3000,1700,400,200,1700,2000,13000,200,5400,4000,200,4000,200,600,200,900,10100
11.0,13.2,3600,47693.0,13.22,13.2,13.18,13.17,13.16,13.15,13.14,13.13,13.12,13.11,13.24,13.25,13.26,13.27,13.29,13.3,13.34,13.36,13.38,13.39,400,1200,10000,1100,3000,1700,400,200,1700,2000,100,300,5400,4000,200,4000,200,600,200,900
12.0,13.2,9600,127165.0,13.18,13.17,13.16,13.15,13.14,13.13,13.12,13.11,13.1,13.09,13.2,13.23,13.27,13.29,13.3,13.34,13.36,13.38,13.39,13.4,10000,1100,3000,1700,400,200,1700,2000,13000,200,200,200,3500,200,4000,200,600,200,900,10100
13.0,13.2,9900,131125.0,13.18,13.17,13.16,13.15,13.14,13.13,13.12,13.11,13.1,13.09,13.2,13.23,13.24,13.27,13.29,13.3,13.34,13.36,13.38,13.39,10000,1100,3000,1700,400,200,1700,2000,13000,200,300,200,400,3500,200,4000,200,600,200,900
14.0,13.21,10900,144330.0,13.21,13.2,13.18,13.17,13.16,13.15,13.14,13.13,13.12,13.11,13.24,13.25,13.27,13.29,13.3,13.34,13.36,13.38,13.39,13.4,200,1300,10100,1100,3000,1700,400,200,1700,2000,400,100,3500,200,4000,200,600,200,900,10100
15.0,13.2,11400,150932.0,13.2,13.18,13.17,13.16,13.15,13.14,13.13,13.12,13.11,13.1,13.21,13.24,13.25,13.27,13.29,13.3,13.34,13.36,13.38,13.39,1400,10100,1100,3000,1700,400,200,1700,2000,13000,600,400,100,3500,200,4000,200,600,200,900
16.0,13.21,11500,152253.0,13.2,13.18,13.17,13.16,13.15,13.14,13.13,13.12,13.11,13.1,13.21,13.24,13.25,13.27,13.29,13.3,13.34,13.36,13.38,13.39,1100,10100,1100,3000,1700,400,200,1700,2000,13000,800,400,100,3500,200,4000,200,600,200,900
17.0,13.21,12300,162821.0,13.21,13.2,13.18,13.17,13.16,13.15,13.14,13.13,13.12,13.11,13.24,13.25,13.27,13.29,13.3,13.34,13.36,13.38,13.39,13.4,500,600,10100,1100,3000,1700,400,200,1700,2000,400,300,3500,200,4000,200,600,200,900,10100
18.0,13.2,13100,173386.0,13.2,13.18,13.17,13.16,13.15,13.14,13.13,13.12,13.11,13.1,13.21,13.24,13.25,13.27,13.29,13.3,13.34,13.36,13.38,13.39,300,10100,1100,3000,1700,400,200,1700,2000,13000,100,400,300,3500,200,4000,200,600,200,900
19.0,13.2,13400,177346.0,13.18,13.17,13.16,13.15,13.14,13.13,13.12,13.11,13.1,13.09,13.2,13.21,13.24,13.25,13.27,13.29,13.3,13.34,13.36,13.38,10100,1100,3000,1700,400,200,1700,2000,13000,200,100,100,400,300,3500,200,4000,200,600,200
20.0,13.2,13500,178666.0,13.2,13.18,13.17,13.16,13.15,13.14,13.13,13.12,13.11,13.1,13.24,13.25,13.27,13.29,13.3,13.34,13.36,13.38,13.39,13.4,100,10100,1100,3000,1700,400,200,1700,2000,13000,400,300,3500,200,4000,200,600,200,900,10100
21.0,13.2,13500,178666.0,13.2,13.18,13.17,13.16,13.15,13.14,13.13,13.12,13.11,13.1,13.21,13.24,13.25,13.27,13.29,13.3,13.34,13.36,13.38,13.39,100,10100,1100,3000,1700,400,200,1700,2000,13000,100,400,300,3500,200,4000,200,600,200,900
22.0,13.21,13700,181307.0,13.18,13.17,13.16,13.15,13.14,13.13,13.12,13.11,13.1,13.09,13.2,13.23,13.24,13.25,13.27,13.29,13.3,13.34,13.36,13.38,10100,1100,3000,1700,400,200,1700,2000,13000,200,200,700,400,300,3500,200,4000,200,600,200
23.0,13.21,13700,181307.0,13.18,13.17,13.16,13.15,13.14,13.13,13.12,13.11,13.1,13.09,13.19,13.2,13.23,13.24,13.25,13.27,13.29,13.3,13.34,13.36,10100,1100,3000,1700,400,200,1700,2000,13000,200,200,300,700,400,300,3500,200,4000,200,600
24.0,13.21,13700,181307.0,13.18,13.17,13.16,13.15,13.14,13.13,13.12,13.11,13.1,13.09,13.19,13.2,13.23,13.24,13.25,13.27,13.29,13.3,13.34,13.36,10100,1100,3000,1700,400,200,1700,2000,13000,200,200,300,700,400,300,3500,200,4000,200,600
25.0,13.21,13700,181307.0,13.18,13.17,13.16,13.15,13.14,13.13,13.12,13.11,13.1,13.09,13.19,13.2,13.21,13.23,13.24,13.25,13.27,13.29,13.3,13.34,10100,1100,3000,1700,400,200,1700,2000,13000,200,200,300,300,700,400,300,3500,200,4000,200
26.0,13.19,13900,183945.0,13.19,13.18,13.17,13.16,13.15,13.14,13.13,13.12,13.11,13.1,13.2,13.21,13.23,13.24,13.25,13.27,13.29,13.3,13.34,13.36,400,10100,1100,3000,1700,400,200,1700,2000,13000,100,300,700,400,300,3500,200,4000,200,600
27.0,13.19,13900,183945.0,13.19,13.18,13.17,13.16,13.15,13.14,13.13,13.12,13.11,13.1,13.2,13.21,13.23,13.24,13.25,13.27,13.29,13.3,13.34,13.36,400,10100,1100,3000,1700,400,200,1700,2000,13000,100,300,700,400,300,3500,200,4000,200,600
28.0,13.19,14100,186583.0,13.19,13.18,13.17,13.16,13.15,13.14,13.13,13.12,13.11,13.1,13.2,13.21,13.23,13.24,13.25,13.27,13.29,13.3,13.34,13.36,200,10100,1100,3000,1700,400,200,1700,2000,13000,100,600,700,400,300,3500,1000,4000,200,600
29.0,13.19,14300,189221.0,13.18,13.17,13.16,13.15,13.14,13.13,13.12,13.11,13.1,13.09,13.19,13.21,13.23,13.24,13.25,13.27,13.29,13.3,13.34,13.36,10100,1100,3000,1700,400,200,1700,2000,13000,200,100,300,700,400,300,3500,1000,4000,200,600
30.0,13.19,14300,189221.0,13.18,13.17,13.16,13.15,13.14,13.13,13.12,13.11,13.1,13.09,13.19,13.21,13.23,13.24,13.25,13.27,13.29,13.3,13.34,13.36,10100,1100,3000,1700,400,200,1700,2000,13000,200,100,300,700,400,300,3500,1000,4000,200,600
31.0,13.21,17000,224814.0,13.18,13.17,13.16,13.15,13.14,13.13,13.12,13.11,13.1,13.09,13.2,13.21,13.23,13.24,13.25,13.27,13.29,13.3,13.34,13.36,7900,1100,3000,1700,400,200,1700,2000,13000,200,100,200,700,400,300,3500,200,4000,200,600
32.0,13.21,17000,224814.0,13.18,13.17,13.16,13.15,13.14,13.13,13.12,13.11,13.1,13.09,13.2,13.23,13.24,13.25,13.27,13.29,13.3,13.34,13.36,13.38,7900,1100,3000,1700,400,200,1700,2000,13000,200,100,700,400,300,3500,200,4000,200,600,200
33.0,13.21,17000,224814.0,13.18,13.17,13.16,13.15,13.14,13.13,13.12,13.11,13.1,13.09,13.2,13.23,13.24,13.25,13.27,13.29,13.3,13.34,13.36,13.38,7900,1100,3000,1700,400,200,1700,2000,13000,200,100,700,400,300,3500,200,4000,200,600,200
34.0,13.18,17700,234040.0,13.18,13.17,13.16,13.15,13.14,13.13,13.12,13.11,13.1,13.09,13.2,13.21,13.23,13.24,13.25,13.27,13.29,13.3,13.34,13.36,7200,1100,3000,1700,400,200,1700,2000,13000,200,100,300,700,400,300,3500,200,4000,200,600
35.0,13.18,17700,234040.0,13.18,13.17,13.16,13.15,13.14,13.13,13.12,13.11,13.1,13.09,13.2,13.21,13.23,13.24,13.25,13.27,13.29,13.3,13.34,13.36,7200,1100,3000,1700,400,200,1700,2000,13000,200,200,300,700,400,300,3500,200,4000,200,600
36.0,13.18,17700,234040.0,13.18,13.17,13.16,13.15,13.14,13.13,13.12,13.11,13.1,13.09,13.2,13.21,13.23,13.24,13.25,13.27,13.29,13.3,13.34,13.36,7200,1100,3000,1700,400,200,1700,2000,13000,200,200,300,700,400,300,3500,200,4000,200,600
37.0,13.18,18600,245902.0,13.18,13.17,13.16,13.15,13.14,13.13,13.12,13.11,13.1,13.09,13.2,13.21,13.23,13.24,13.25,13.27,13.29,13.3,13.34,13.36,6300,1100,3000,1700,400,200,1700,2000,13000,200,300,600,700,400,300,3500,200,4000,200,600
38.0,13.18,19200,253810.0,13.18,13.17,13.16,13.15,13.14,13.13,13.12,13.11,13.1,13.09,13.2,13.21,13.23,13.24,13.25,13.27,13.29,13.3,13.34,13.36,5700,1100,3000,1700,400,200,1700,2000,13000,200,400,300,700,400,300,3500,200,4000,200,600
39.0,13.18,19300,255128.0,13.18,13.17,13.16,13.15,13.14,13.13,13.12,13.11,13.1,13.09,13.19,13.2,13.21,13.23,13.24,13.25,13.27,13.29,13.3,13.34,5600,1100,3000,1700,400,200,1700,2000,13000,200,100,400,300,700,400,300,3500,200,2000,200
40.0,13.19,19900,263037.0,13.19,13.18,13.17,13.16,13.15,13.14,13.13,13.12,13.11,13.1,13.2,13.21,13.23,13.24,13.25,13.27,13.29,13.3,13.34,13.36,200,5100,1100,3000,1700,400,200,1700,2000,13000,400,600,700,400,300,3500,200,2000,200,600
41.0,13.18,20400,269629.0,13.18,13.17,13.16,13.15,13.14,13.13,13.12,13.11,13.1,13.09,13.2,13.21,13.23,13.24,13.25,13.27,13.29,13.3,13.34,13.36,4800,1100,3000,1700,400,200,1700,2000,13000,200,400,300,700,400,200,3500,200,2000,200,600
42.0,13.18,22000,290717.0,13.18,13.17,13.16,13.15,13.14,13.13,13.12,13.11,13.1,13.09,13.2,13.21,13.23,13.24,13.25,13.27,13.29,13.3,13.34,13.36,3200,1100,3000,1700,400,200,1700,2000,13000,200,400,300,700,400,200,3500,200,2000,200,600
43.0,13.19,22700,299944.0,13.19,13.18,13.17,13.16,13.15,13.14,13.13,13.12,13.11,13.1,13.2,13.21,13.23,13.24,13.25,13.27,13.29,13.3,13.34,13.36,100,2600,1100,3000,1700,400,200,1700,2000,13000,400,300,700,400,200,3500,200,2000,200,600
44.0,13.19,24300,321044.0,13.19,13.18,13.17,13.16,13.15,13.14,13.13,13.12,13.11,13.1,13.2,13.23,13.24,13.25,13.27,13.29,13.3,13.33,13.34,13.36,1700,2200,1100,3000,1700,400,200,1700,2000,13000,300,700,400,200,3500,200,2000,800,200,600
45.0,13.19,24300,321044.0,13.19,13.18,13.17,13.16,13.15,13.14,13.13,13.12,13.11,13.1,13.2,13.23,13.24,13.25,13.27,13.29,13.3,13.33,13.34,13.36,1700,2200,1100,3000,1700,400,200,1700,2000,13000,300,700,400,200,3500,200,2000,800,200,600
46.0,13.19,25300,334234.0,13.19,13.18,13.17,13.16,13.15,13.14,13.13,13.12,13.11,13.1,13.2,13.23,13.24,13.25,13.27,13.29,13.3,13.33,13.34,13.36,1500,2200,1100,3000,1700,400,200,1700,2000,13000,300,700,400,200,3500,200,2000,800,200,600
47.0,13.19,25400,335553.0,13.19,13.18,13.17,13.16,13.15,13.14,13.13,13.12,13.11,13.1,13.2,13.23,13.24,13.25,13.27,13.29,13.3,13.33,13.34,13.36,1400,2200,1100,3000,1700,400,200,1700,2000,13000,300,700,400,200,3500,200,2000,800,200,600
48.0,13.19,25600,338191.0,13.19,13.18,13.17,13.16,13.15,13.14,13.13,13.12,13.11,13.1,13.2,13.23,13.24,13.25,13.27,13.29,13.3,13.33,13.34,13.36,1200,2200,1100,3000,1700,400,200,1700,2000,13000,300,700,400,200,3500,200,2000,800,200,600
49.0,13.19,26000,343467.0,13.19,13.18,13.17,13.16,13.15,13.14,13.13,13.12,13.11,13.1,13.2,13.23,13.24,13.25,13.27,13.29,13.3,13.33,13.34,13.36,800,2200,1100,3000,1700,400,200,1700,2000,13000,300,700,400,200,3500,200,2000,800,200,600
50.0,13.19,26000,343467.0,13.19,13.18,13.17,13.16,13.15,13.14,13.13,13.12,13.11,13.1,13.2,13.23,13.24,13.25,13.27,13.29,13.3,13.33,13.34,13.36,800,2200,1100,3000,1700,400,200,1700,2000,13000,300,700,400,200,3500,200,2000,800,200,600
51.0,13.19,26200,346105.0,13.19,13.18,13.17,13.16,13.15,13.14,13.13,13.12,13.11,13.1,13.2,13.23,13.24,13.25,13.27,13.29,13.3,13.33,13.34,13.36,600,2200,1100,3000,1700,400,200,1700,2000,13000,300,700,400,200,3500,200,2000,800,200,600
52.0,13.19,26400,348743.0,13.19,13.18,13.17,13.16,13.15,13.14,13.13,13.12,13.11,13.1,13.2,13.23,13.24,13.25,13.27,13.29,13.3,13.33,13.34,13.36,400,2200,1100,3000,1700,400,200,1700,2000,13000,300,700,400,200,3500,200,2000,800,200,600
53.0,13.19,26400,348743.0,13.19,13.18,13.17,13.16,13.15,13.14,13.13,13.12,13.11,13.1,13.2,13.23,13.24,13.25,13.27,13.29,13.3,13.33,13.34,13.36,400,2200,1100,3000,1700,400,200,1700,2000,13000,300,700,400,200,3500,200,2000,800,200,600
54.0,13.19,26400,348743.0,13.19,13.18,13.17,13.16,13.15,13.14,13.13,13.12,13.11,13.1,13.2,13.23,13.24,13.25,13.27,13.29,13.3,13.33,13.34,13.36,400,2200,1100,3000,1700,400,200,1700,2000,13000,300,700,400,200,3500,200,2000,800,200,600
55.0,13.18,29100,384333.0,13.17,13.16,13.15,13.14,13.13,13.12,13.11,13.1,13.09,13.07,13.18,13.2,13.23,13.24,13.25,13.27,13.29,13.3,13.33,13.34,1100,3000,1700,400,200,1700,2000,13000,200,300,500,300,700,400,200,3500,200,2000,800,200
56.0,13.18,29300,386969.0,13.17,13.16,13.15,13.14,13.13,13.12,13.11,13.1,13.09,13.07,13.18,13.2,13.23,13.24,13.25,13.27,13.29,13.3,13.33,13.34,1100,3000,1700,400,200,1700,2000,13000,200,300,400,300,700,400,200,3500,200,2000,800,200
57.0,13.18,29300,386969.0,13.17,13.16,13.15,13.14,13.13,13.12,13.11,13.1,13.09,13.07,13.18,13.2,13.23,13.24,13.25,13.27,13.29,13.3,13.33,13.34,1800,3000,1700,400,200,1700,2000,13000,200,300,400,300,700,400,200,3500,200,2000,800,200
58.0,13.18,29300,386969.0,13.17,13.16,13.15,13.14,13.13,13.12,13.11,13.1,13.09,13.07,13.18,13.2,13.23,13.24,13.25,13.27,13.29,13.3,13.33,13.34,1800,3000,1700,400,200,1700,2000,13000,200,300,600,300,700,400,200,3500,200,2000,800,200
59.0,13.18,29400,388287.0,13.17,13.16,13.15,13.14,13.13,13.12,13.11,13.1,13.09,13.07,13.18,13.2,13.23,13.24,13.25,13.27,13.29,13.3,13.33,13.34,1800,3000,1700,400,200,1700,2000,13000,200,300,600,300,700,400,200,3500,200,2000,800,200
60.0,13.18,29800,393559.0,13.17,13.16,13.15,13.14,13.13,13.12,13.11,13.1,13.09,13.07,13.18,13.2,13.23,13.24,13.25,13.27,13.29,13.3,13.33,13.34,1800,3000,1700,400,200,1700,2000,13000,200,300,200,300,700,400,200,3500,200,3000,800,200
61.0,13.2,30500,402791.0,13.19,13.18,13.17,13.16,13.15,13.14,13.13,13.12,13.11,13.1,13.23,13.24,13.25,13.27,13.29,13.3,13.33,13.34,13.36,13.38,1000,100,1800,3000,1700,400,200,1700,2000,13000,700,400,200,3500,200,3000,800,200,600,3200
62.0,13.2,30500,402791.0,13.19,13.18,13.17,13.16,13.15,13.14,13.13,13.12,13.11,13.1,13.23,13.24,13.25,13.27,13.29,13.3,13.33,13.34,13.36,13.38,1000,100,1800,3000,1700,400,200,1700,2000,13000,700,400,200,3500,200,3000,800,200,600,3200
63.0,13.19,31200,412024.0,13.2,13.19,13.18,13.17,13.16,13.15,13.14,13.13,13.12,13.11,13.23,13.24,13.25,13.27,13.29,13.3,13.33,13.34,13.36,13.38,300,300,100,1800,3000,1700,400,200,1700,2000,700,400,200,3500,200,3000,800,200,600,3200
64.0,13.2,31400,414664.0,13.2,13.19,13.18,13.17,13.16,13.15,13.14,13.13,13.12,13.11,13.23,13.24,13.25,13.27,13.29,13.3,13.33,13.34,13.36,13.38,200,300,100,1800,3000,1700,400,200,1800,2000,700,400,200,3500,200,3000,800,200,600,3200
65.0,13.2,31400,414664.0,13.2,13.19,13.18,13.17,13.16,13.15,13.14,13.13,13.12,13.11,13.24,13.25,13.27,13.29,13.3,13.33,13.34,13.36,13.38,13.39,200,300,100,1800,3000,1700,400,2400,1800,2000,400,200,3500,200,3000,800,200,600,3200,900
66.0,13.2,31400,414664.0,13.2,13.19,13.18,13.17,13.16,13.15,13.14,13.13,13.12,13.11,13.24,13.25,13.27,13.29,13.3,13.33,13.34,13.36,13.38,13.39,200,300,100,1800,3000,1700,400,2400,1800,2000,400,200,3500,200,3000,800,200,600,3200,900
67.0,13.2,31600,417304.0,13.2,13.19,13.18,13.17,13.16,13.15,13.14,13.13,13.12,13.11,13.23,13.24,13.25,13.27,13.29,13.3,13.33,13.34,13.36,13.38,100,300,100,1800,3000,1700,400,2400,1800,2000,300,400,200,3500,200,3000,800,200,600,3200
68.0,13.2,31700,418624.0,13.2,13.19,13.18,13.17,13.16,13.15,13.14,13.13,13.12,13.11,13.23,13.24,13.25,13.27,13.29,13.3,13.33,13.34,13.36,13.38,100,300,100,1800,3000,1700,400,2400,1800,2000,400,400,200,3500,200,3000,800,200,600,3200
69.0,13.2,31700,418624.0,13.2,13.19,13.18,13.17,13.16,13.15,13.14,13.13,13.12,13.11,13.23,13.24,13.25,13.27,13.29,13.3,13.33,13.34,13.36,13.38,100,300,100,1800,3000,1700,400,2400,1800,2000,400,400,200,3500,200,3000,800,200,600,3200
70.0,13.19,32000,422583.0,13.19,13.18,13.17,13.16,13.15,13.14,13.13,13.12,13.11,13.1,13.23,13.24,13.25,13.27,13.29,13.3,13.33,13.34,13.36,13.38,200,100,1800,3000,1700,400,2400,1800,2000,13000,400,400,200,3500,200,3000,800,200,600,3200
71.0,13.24,32800,433171.0,13.2,13.19,13.17,13.16,13.15,13.14,13.13,13.12,13.11,13.1,13.25,13.27,13.29,13.3,13.33,13.34,13.36,13.38,13.39,13.4,100,400,1800,3000,1700,400,2400,1800,2000,13000,1700,3500,200,3000,800,200,600,3200,900,10100
72.0,13.16,35300,466114.0,13.16,13.15,13.14,13.13,13.12,13.11,13.1,13.09,13.07,13.05,13.25,13.27,13.29,13.3,13.33,13.34,13.36,13.38,13.39,13.4,2900,1700,400,2400,1800,2000,13000,200,300,1300,1600,3500,200,3000,800,200,600,3200,900,10100
73.0,13.16,35300,466114.0,13.16,13.15,13.14,13.13,13.12,13.11,13.1,13.09,13.07,13.05,13.2,13.25,13.27,13.29,13.3,13.33,13.34,13.36,13.38,13.39,2900,1700,400,2400,1800,2000,13000,200,300,1300,200,1600,3500,200,3000,800,200,600,3200,900
74.0,13.19,35500,468753.0,13.19,13.16,13.15,13.14,13.13,13.12,13.11,13.1,13.09,13.07,13.2,13.25,13.27,13.29,13.3,13.33,13.34,13.36,13.38,13.39,400,2900,1700,400,2400,1800,2000,13000,200,300,600,1600,3500,200,3000,800,200,600,3200,900
75.0,13.19,35500,468753.0,13.19,13.16,13.15,13.14,13.13,13.12,13.11,13.1,13.09,13.07,13.2,13.25,13.27,13.29,13.3,13.33,13.34,13.36,13.38,13.39,400,2900,1700,400,2400,1800,2000,13000,200,300,600,1600,3500,200,3000,800,200,600,3200,900
76.0,13.19,35800,472710.0,13.19,13.16,13.15,13.14,13.13,13.12,13.11,13.1,13.09,13.07,13.2,13.25,13.27,13.29,13.3,13.33,13.34,13.36,13.38,13.39,200,2900,1700,400,2400,1800,2000,13000,500,300,600,1600,3500,200,3000,800,200,600,3200,900
77.0,13.2,35900,474030.0,13.19,13.16,13.15,13.14,13.13,13.12,13.11,13.1,13.09,13.07,13.2,13.25,13.27,13.29,13.3,13.33,13.34,13.36,13.38,13.39,200,2900,1700,400,2400,1800,2000,13000,500,300,400,1600,3500,200,3000,800,200,600,3200,900
78.0,13.2,35900,474030.0,13.19,13.16,13.15,13.14,13.13,13.12,13.11,13.1,13.09,13.07,13.2,13.25,13.27,13.29,13.3,13.33,13.34,13.36,13.38,13.39,200,2900,1700,2000,2400,1800,2000,13000,500,300,400,1600,3500,200,3000,800,200,600,3200,900
79.0,13.19,36300,479306.0,13.19,13.16,13.15,13.14,13.13,13.12,13.11,13.1,13.09,13.07,13.2,13.25,13.27,13.29,13.3,13.33,13.34,13.36,13.38,13.39,200,2900,1700,2000,2400,1800,2000,13000,500,300,400,1600,3500,200,3000,800,200,600,3200,900
80.0,13.2,36500,481946.0,13.19,13.16,13.15,13.14,13.13,13.12,13.11,13.1,13.09,13.07,13.2,13.25,13.27,13.29,13.3,13.33,13.34,13.36,13.38,13.39,200,2900,1700,2000,2400,1800,2000,13000,500,300,200,1600,3500,200,3000,800,200,600,3200,900
81.0,13.2,36500,481946.0,13.19,13.16,13.15,13.14,13.13,13.12,13.11,13.1,13.09,13.07,13.2,13.24,13.25,13.27,13.29,13.3,13.33,13.34,13.36,13.38,200,2900,1700,2000,2400,1800,2000,13000,500,300,200,11500,1600,3500,200,3000,800,200,600,3200
82.0,13.16,36900,487219.0,13.16,13.15,13.14,13.13,13.12,13.11,13.1,13.09,13.07,13.05,13.19,13.2,13.24,13.25,13.27,13.29,13.3,13.33,13.34,13.36,2800,1700,2000,2400,1800,2000,13000,500,300,1300,100,200,11500,1500,3500,200,3000,800,200,600
83.0,13.19,38000,501734.0,13.19,13.16,13.15,13.14,13.13,13.12,13.11,13.1,13.09,13.07,13.22,13.24,13.25,13.27,13.29,13.3,13.33,13.34,13.36,13.38,100,2800,1700,2000,2400,1800,2000,13000,500,300,1100,11500,1500,3500,200,3000,800,200,600,3200
84.0,13.22,38100,503056.0,13.19,13.16,13.15,13.14,13.13,13.12,13.11,13.1,13.09,13.07,13.22,13.24,13.25,13.27,13.29,13.3,13.33,13.34,13.36,13.38,500,2800,1700,2000,2400,1800,2000,13000,500,300,1000,11500,1500,3500,200,4000,800,200,600,3200
85.0,13.19,38300,505694.0,13.19,13.16,13.15,13.14,13.13,13.12,13.11,13.1,13.09,13.07,13.22,13.24,13.25,13.27,13.29,13.3,13.33,13.34,13.36,13.38,300,2800,1700,2000,2400,1800,2000,13000,500,300,1000,11500,1500,3500,200,4000,800,200,600,3200
86.0,13.19,38700,510973.0,13.16,13.15,13.14,13.13,13.12,13.11,13.1,13.09,13.07,13.05,13.19,13.24,13.25,13.27,13.29,13.3,13.33,13.34,13.36,13.38,2800,1700,2000,2400,1800,2000,13000,500,300,1300,900,11500,1500,3500,200,4000,800,200,600,3200
87.0,13.16,39200,517553.0,13.16,13.15,13.14,13.13,13.12,13.11,13.1,13.09,13.07,13.05,13.19,13.24,13.25,13.27,13.29,13.3,13.33,13.34,13.36,13.38,2300,1700,2000,2400,1800,2000,13000,500,300,1300,900,11500,1500,3500,200,4000,800,200,600,3200
88.0,13.16,39200,517553.0,13.16,13.15,13.14,13.13,13.12,13.11,13.1,13.09,13.07,13.05,13.19,13.24,13.25,13.27,13.29,13.3,13.33,13.34,13.36,13.38,2300,1700,2000,2400,1800,2000,13000,500,300,1300,900,11500,1500,3500,200,4000,800,200,600,3200
89.0,13.16,39200,517553.0,13.16,13.15,13.14,13.13,13.12,13.11,13.1,13.09,13.07,13.05,13.18,13.19,13.24,13.25,13.27,13.29,13.3,13.33,13.34,13.36,2300,1700,2000,2400,1800,2000,13000,500,300,1300,200,900,11500,1500,3500,200,4000,800,200,600
90.0,13.16,39200,517553.0,13.16,13.15,13.14,13.13,13.12,13.11,13.1,13.09,13.07,13.05,13.18,13.19,13.24,13.25,13.27,13.29,13.3,13.33,13.34,13.36,2300,1700,2000,2400,1800,2000,13000,500,300,1300,200,900,11500,1500,3500,200,4000,800,200,600
91.0,13.19,40300,532060.0,13.19,13.16,13.15,13.14,13.13,13.12,13.11,13.1,13.09,13.07,13.23,13.24,13.25,13.27,13.29,13.3,13.33,13.34,13.36,13.38,100,2300,1700,2000,2400,1800,2000,13000,500,300,1100,11500,1500,3500,200,4000,800,200,600,3200
92.0,13.19,40600,536025.0,13.16,13.15,13.14,13.13,13.12,13.11,13.1,13.09,13.07,13.05,13.19,13.22,13.23,13.24,13.25,13.27,13.29,13.3,13.33,13.34,2300,1700,2000,2400,1800,2000,13000,500,300,1300,800,500,500,11500,1500,3500,200,4000,800,200
93.0,13.19,41400,546577.0,13.16,13.15,13.14,13.13,13.12,13.11,13.1,13.09,13.07,13.05,13.22,13.23,13.24,13.25,13.27,13.29,13.3,13.33,13.34,13.36,2300,1700,2000,2400,1800,2000,13000,500,300,1300,600,500,11500,1500,3500,200,4000,800,200,600
94.0,13.19,41400,546577.0,13.18,13.16,13.15,13.14,13.13,13.12,13.11,13.1,13.09,13.07,13.22,13.23,13.24,13.25,13.27,13.29,13.3,13.33,13.34,13.36,2000,2300,1700,2000,2400,1800,2000,13000,500,300,600,500,11500,1500,3500,200,4000,800,200,600
95.0,13.19,41400,546577.0,13.18,13.16,13.15,13.14,13.13,13.12,13.11,13.1,13.09,13.07,13.22,13.23,13.24,13.25,13.27,13.29,13.3,13.33,13.34,13.36,2000,2300,1700,2000,2400,1800,2000,13000,500,300,600,500,11500,1500,3500,200,4000,800,200,600
96.0,13.19,41400,546577.0,13.18,13.16,13.15,13.14,13.13,13.12,13.11,13.1,13.09,13.07,13.22,13.23,13.24,13.25,13.27,13.29,13.3,13.33,13.34,13.36,2000,2300,1700,2000,2400,1800,2000,13000,500,300,600,500,11500,1500,3500,200,4000,800,200,600
97.0,13.19,41400,546577.0,13.18,13.16,13.15,13.14,13.13,13.12,13.11,13.1,13.09,13.07,13.19,13.22,13.23,13.24,13.25,13.27,13.29,13.3,13.33,13.34,2000,2300,1700,2000,2400,1800,2000,13000,500,300,100,600,500,11500,1500,3500,200,4000,800,200
98.0,13.19,41400,546577.0,13.18,13.16,13.15,13.14,13.13,13.12,13.11,13.1,13.09,13.07,13.19,13.22,13.24,13.25,13.27,13.29,13.3,13.33,13.34,13.36,2000,2300,1700,2000,2400,1800,2000,13000,500,300,100,600,11500,1500,3500,200,4000,800,200,600
99.0,13.24,42700,563772.0,13.18,13.16,13.15,13.14,13.13,13.12,13.11,13.1,13.09,13.07,13.24,13.25,13.27,13.29,13.3,13.33,13.34,13.36,13.38,13.39,2000,2300,1700,2000,2400,1800,2000,13000,500,300,10900,1500,3500,200,4000,800,200,600,3200,1200
100.0,13.24,43400,573040.0,13.19,13.18,13.16,13.15,13.14,13.13,13.12,13.11,13.1,13.09,13.24,13.25,13.27,13.29,13.3,13.33,13.34,13.36,13.38,13.39,100,2000,2300,1700,2000,2400,1800,2000,13000,500,10200,1500,3500,200,4000,800,200,600,3200,1200
101.0,13.24,44100,582308.0,13.19,13.18,13.16,13.15,13.14,13.13,13.12,13.11,13.1,13.09,13.24,13.25,13.27,13.29,13.3,13.33,13.34,13.36,13.38,13.39,100,2000,2300,1700,2000,2400,1800,2000,13000,500,9500,1500,3500,200,4000,800,200,600,3200,1200
102.0,13.24,44100,582308.0,13.19,13.18,13.16,13.15,13.14,13.13,13.12,13.11,13.1,13.09,13.23,13.24,13.25,13.27,13.29,13.3,13.33,13.34,13.36,13.38,100,2000,2300,1700,2000,2400,1800,2000,13000,500,2100,9500,1500,3500,200,4000,800,200,600,3200
103.0,13.24,44100,582308.0,13.19,13.18,13.16,13.15,13.14,13.13,13.12,13.11,13.1,13.09,13.23,13.24,13.25,13.27,13.29,13.3,13.33,13.34,13.36,13.38,100,2000,2300,1700,2000,2400,1800,2000,13000,500,2100,9500,1500,3500,200,4000,800,200,600,3200
104.0,13.19,44400,586273.0,13.18,13.16,13.15,13.14,13.13,13.12,13.11,13.1,13.09,13.07,13.23,13.24,13.25,13.27,13.29,13.3,13.33,13.34,13.36,13.38,2000,2300,1700,2000,2400,1800,2000,13000,500,300,1900,9500,1500,3500,200,4000,800,200,600,3200
105.0,13.19,44400,586273.0,13.18,13.16,13.15,13.14,13.13,13.12,13.11,13.1,13.09,13.07,13.23,13.24,13.25,13.27,13.29,13.3,13.33,13.34,13.36,13.38,2000,2300,1700,2000,2400,1700,2000,13000,500,300,1900,9500,1500,3500,200,4000,800,200,600,3200
106.0,13.23,44500,587596.0,13.18,13.16,13.15,13.14,13.13,13.12,13.11,13.1,13.09,13.07,13.23,13.24,13.25,13.27,13.29,13.3,13.33,13.34,13.36,13.38,2000,2300,1700,2000,2400,1700,2000,13000,500,300,1800,9500,1500,3500,200,4000,800,200,600,3200
107.0,13.23,44500,587596.0,13.16,13.15,13.14,13.13,13.12,13.11,13.1,13.09,13.07,13.05,13.23,13.24,13.25,13.27,13.29,13.3,13.33,13.34,13.36,13.38,2300,1700,2000,2400,1700,2000,13000,500,300,1300,1800,9500,1500,3500,200,4000,800,200,600,3200
108.0,13.23,44600,588919.0,13.18,13.16,13.15,13.14,13.13,13.12,13.11,13.1,13.09,13.07,13.23,13.24,13.25,13.27,13.29,13.3,13.33,13.34,13.36,13.38,200,2300,1700,2000,2400,1700,2000,13000,500,300,1700,9500,1500,3500,200,4000,800,200,600,3200
109.0,13.23,44600,588919.0,13.18,13.16,13.15,13.14,13.13,13.12,13.11,13.1,13.09,13.07,13.23,13.24,13.25,13.27,13.29,13.3,13.33,13.34,13.36,13.38,200,2300,1700,2000,2400,1700,2000,13000,500,300,1700,9500,1500,3500,200,4000,800,200,600,3200
110.0,13.23,44900,592888.0,13.18,13.16,13.15,13.14,13.13,13.12,13.11,13.1,13.09,13.07,13.23,13.24,13.25,13.27,13.29,13.3,13.33,13.34,13.36,13.38,500,2300,1700,2000,2400,1700,2000,13000,500,300,1500,9500,1500,3500,200,4000,800,200,600,3200
111.0,13.23,45000,594211.0,13.18,13.16,13.15,13.14,13.13,13.12,13.11,13.1,13.09,13.07,13.23,13.24,13.25,13.27,13.29,13.3,13.33,13.34,13.36,13.38,500,2300,1700,2000,2400,1700,2000,13000,500,300,1400,9500,1500,3500,200,4000,800,200,600,3200
112.0,13.23,45000,594211.0,13.18,13.17,13.16,13.15,13.14,13.13,13.12,13.11,13.1,13.09,13.23,13.24,13.25,13.27,13.29,13.3,13.33,13.34,13.36,13.38,500,2000,2300,1700,2000,2400,1700,2000,13000,500,1400,9500,1500,3500,200,4000,800,200,600,3200
113.0,13.23,45100,595534.0,13.18,13.17,13.16,13.15,13.14,13.13,13.12,13.11,13.1,13.09,13.23,13.24,13.25,13.27,13.29,13.3,13.33,13.34,13.36,13.38,500,2000,2300,1700,2000,2400,1700,2000,13000,500,1300,9500,1500,3500,200,4000,800,200,600,3200
114.0,13.23,45200,596857.0,13.18,13.17,13.16,13.15,13.14,13.13,13.12,13.11,13.1,13.09,13.23,13.24,13.25,13.27,13.29,13.3,13.33,13.34,13.36,13.38,2000,2000,2300,1700,2000,2400,1700,2000,13000,500,1200,9500,1500,3500,200,4000,800,200,600,3200
115.0,13.23,45200,596857.0,13.18,13.17,13.16,13.15,13.14,13.13,13.12,13.11,13.1,13.09,13.23,13.24,13.25,13.27,13.29,13.3,13.33,13.34,13.36,13.38,2000,3000,2300,1700,2000,2400,1700,2000,13000,500,1200,9500,1500,3500,200,4000,800,200,600,3200
116.0,13.23,45200,596857.0,13.18,13.17,13.16,13.15,13.14,13.13,13.12,13.11,13.1,13.09,13.23,13.24,13.25,13.27,13.29,13.3,13.33,13.34,13.36,13.38,2000,3000,2300,1700,2000,2400,1700,2000,13000,500,1200,9500,1500,3500,200,4000,800,200,600,3200
117.0,13.23,45200,596857.0,13.18,13.17,13.16,13.15,13.14,13.13,13.12,13.11,13.1,13.09,13.23,13.24,13.25,13.27,13.29,13.3,13.33,13.34,13.36,13.38,2000,3000,2300,1700,2000,2400,1700,2000,13000,500,1200,9500,1500,3500,200,4000,800,200,600,3200
118.0,13.23,45300,598180.0,13.18,13.17,13.16,13.15,13.14,13.13,13.12,13.11,13.1,13.09,13.23,13.24,13.25,13.27,13.29,13.3,13.33,13.34,13.36,13.38,2000,3000,2300,1700,2000,2400,1700,2000,13000,500,1100,9500,1500,3500,200,4000,800,200,600,3200
119.0,13.23,45300,598180.0,13.18,13.17,13.16,13.15,13.14,13.13,13.12,13.11,13.1,13.09,13.23,13.24,13.25,13.27,13.29,13.3,13.33,13.34,13.36,13.38,2000,3000,2300,1700,2000,2400,1700,2000,13000,500,1100,9500,1500,3500,200,4000,800,200,600,3200
120.0,13.23,45400,599503.0,13.19,13.18,13.17,13.16,13.15,13.14,13.13,13.12,13.11,13.1,13.23,13.24,13.25,13.27,13.29,13.3,13.33,13.34,13.36,13.38,100,2000,3000,2300,1700,2000,2400,1700,2000,13000,1000,9500,1500,3500,200,4000,800,200,600,3200
121.0,13.19,45600,602145.0,13.18,13.17,13.16,13.15,13.14,13.13,13.12,13.11,13.1,13.09,13.23,13.24,13.25,13.27,13.29,13.3,13.33,13.34,13.36,13.38,2000,3000,2300,1700,2000,2400,1700,2000,13000,500,900,9500,1500,3500,200,4000,800,200,600,3200
122.0,13.19,45900,606106.0,13.19,13.18,13.17,13.16,13.15,13.14,13.13,13.12,13.11,13.1,13.23,13.24,13.25,13.27,13.29,13.3,13.33,13.34,13.36,13.38,1800,2000,3000,2300,1700,2000,2400,1700,2000,13000,800,9500,1500,3500,200,4000,800,200,600,3200
123.0,13.19,45900,606106.0,13.19,13.18,13.17,13.16,13.15,13.14,13.13,13.12,13.11,13.1,13.23,13.24,13.25,13.27,13.29,13.3,13.33,13.34,13.36,13.38,1900,2000,3000,2300,1700,2000,2400,1700,2000,13000,800,9500,1500,3500,200,4000,800,200,600,3200
124.0,13.19,45900,606106.0,13.19,13.18,13.17,13.16,13.15,13.14,13.13,13.12,13.11,13.1,13.23,13.24,13.25,13.27,13.29,13.3,13.33,13.34,13.36,13.38,1900,2000,3000,2300,1700,2000,2400,1700,2000,13000,800,9500,1500,3500,200,4000,800,200,600,3200
125.0,13.23,50900,672256.0,13.19,13.18,13.17,13.16,13.15,13.14,13.13,13.12,13.11,13.1,13.24,13.25,13.27,13.29,13.3,13.33,13.34,13.36,13.38,13.39,1900,2000,3000,2300,1700,2000,2400,1700,2000,13000,9500,1500,3500,200,4000,800,200,600,3200,1200
126.0,13.19,51400,678851.0,13.19,13.18,13.17,13.16,13.15,13.14,13.13,13.12,13.11,13.1,13.24,13.25,13.27,13.29,13.3,13.33,13.34,13.36,13.38,13.39,1400,2000,3000,2300,1700,2000,2400,1700,2000,13000,9500,1500,3500,200,4000,800,200,600,3200,1200
127.0,13.19,51400,678851.0,13.19,13.18,13.17,13.16,13.15,13.14,13.13,13.12,13.11,13.1,13.24,13.25,13.27,13.29,13.3,13.33,13.34,13.36,13.38,13.39,1400,2000,3000,2300,1700,2000,2400,1700,2000,13000,9500,1500,3500,200,4000,800,200,600,3200,1200
128.0,13.22,52900,698709.0,13.19,13.18,13.17,13.16,13.15,13.14,13.13,13.12,13.11,13.1,13.22,13.24,13.25,13.27,13.29,13.3,13.33,13.34,13.36,13.38,1400,2000,3000,2300,1700,2000,2400,1700,2000,13000,400,8100,1500,3500,200,4000,800,200,600,3200
129.0,13.22,52900,698709.0,13.19,13.18,13.17,13.16,13.15,13.14,13.13,13.12,13.11,13.1,13.22,13.24,13.25,13.27,13.29,13.3,13.33,13.34,13.36,13.38,1400,2000,3000,2300,1700,2000,2400,1700,2000,13000,400,8100,1500,3500,200,4000,800,200,600,3200
130.0,13.22,52900,698709.0,13.19,13.18,13.17,13.16,13.15,13.14,13.13,13.12,13.11,13.1,13.22,13.24,13.25,13.27,13.29,13.3,13.33,13.34,13.36,13.38,1400,2000,3000,2300,1700,2000,2400,1700,2000,13000,400,8100,1500,3500,200,4000,800,200,600,3200
131.0,13.22,52900,698709.0,13.19,13.18,13.17,13.16,13.15,13.14,13.13,13.12,13.11,13.1,13.22,13.24,13.25,13.27,13.29,13.3,13.33,13.34,13.36,13.38,1400,2000,3000,2300,1700,2000,2400,1700,2000,13000,400,8100,1500,3500,200,4000,800,200,600,3200
132.0,13.22,52900,698709.0,13.19,13.18,13.17,13.16,13.15,13.14,13.13,13.12,13.11,13.1,13.22,13.24,13.25,13.27,13.29,13.3,13.33,13.34,13.36,13.38,1400,2000,3000,2300,1700,2000,2400,1700,2000,13000,400,8100,1500,3500,200,4000,800,200,600,3200
133.0,13.22,52900,698709.0,13.19,13.18,13.17,13.16,13.15,13.14,13.13,13.12,13.11,13.1,13.22,13.24,13.25,13.27,13.29,13.3,13.33,13.34,13.36,13.38,1400,2000,3000,2300,1700,2000,2400,1700,2000,13000,500,8100,1500,3500,200,4000,800,200,600,3200
134.0,13.22,53000,700031.0,13.19,13.18,13.17,13.16,13.15,13.14,13.13,13.12,13.11,13.1,13.22,13.24,13.25,13.27,13.29,13.3,13.33,13.34,13.36,13.38,1400,2000,3000,2300,1700,2000,2400,1700,2000,13000,400,8100,1500,3500,200,4000,800,200,600,3200
135.0,13.22,53000,700031.0,13.19,13.18,13.17,13.16,13.15,13.14,13.13,13.12,13.11,13.1,13.22,13.24,13.25,13.27,13.29,13.3,13.33,13.34,13.36,13.38,1400,2000,3000,2300,1700,2000,2400,1700,2000,13000,400,8100,1500,3500,200,4000,800,200,600,3200
136.0,13.22,53000,700031.0,13.19,13.18,13.17,13.16,13.15,13.14,13.13,13.12,13.11,13.1,13.22,13.24,13.25,13.27,13.29,13.3,13.33,13.34,13.36,13.38,1400,2000,3000,2300,1700,2000,2400,1700,2000,13000,400,8100,1500,3500,200,4000,800,200,600,3200
137.0,13.22,53000,700031.0,13.19,13.18,13.17,13.16,13.15,13.14,13.13,13.12,13.11,13.1,13.22,13.24,13.25,13.27,13.29,13.3,13.33,13.34,13.36,13.38,1400,2000,3000,2300,1700,2000,2400,1700,2000,13000,400,8100,1500,3500,200,4000,800,200,600,3200
138.0,13.22,53000,700031.0,13.19,13.18,13.17,13.16,13.15,13.14,13.13,13.12,13.11,13.1,13.22,13.24,13.25,13.27,13.29,13.3,13.33,13.34,13.36,13.38,1400,2000,3000,2300,1700,2000,2400,1700,2000,13000,400,8100,1500,3500,200,4000,800,200,600,3200
139.0,13.22,53000,700031.0,13.19,13.18,13.17,13.16,13.15,13.14,13.13,13.12,13.11,13.1,13.22,13.24,13.25,13.27,13.29,13.3,13.33,13.34,13.36,13.38,1400,2000,3000,2300,1700,2000,2400,1700,2000,13000,400,8100,1500,3500,200,4000,800,200,600,3200
140.0,13.22,53000,700031.0,13.19,13.18,13.17,13.16,13.15,13.14,13.13,13.12,13.11,13.1,13.22,13.24,13.25,13.27,13.29,13.3,13.33,13.34,13.36,13.38,1400,2000,3000,2300,1700,2000,2400,1700,2000,13000,400,8100,1500,3500,200,4000,800,200,600,3200
141.0,13.22,53000,700031.0,13.19,13.18,13.17,13.16,13.15,13.14,13.13,13.12,13.11,13.1,13.22,13.24,13.25,13.27,13.29,13.3,13.33,13.34,13.36,13.38,1400,2000,3000,2300,1700,2000,2400,1700,2000,13000,400,8100,1500,3500,200,4000,800,200,600,3200
142.0,13.22,53000,700031.0,13.19,13.18,13.17,13.16,13.15,13.14,13.13,13.12,13.11,13.1,13.22,13.24,13.25,13.27,13.29,13.3,13.33,13.34,13.36,13.38,1400,2000,3000,2300,1700,2000,2400,1700,2000,13000,400,8100,1500,3500,200,4000,800,200,600,3200
143.0,13.22,53000,700031.0,13.19,13.18,13.17,13.16,13.15,13.14,13.13,13.12,13.11,13.1,13.22,13.24,13.25,13.27,13.29,13.3,13.33,13.34,13.36,13.38,1400,2000,3000,2300,1700,2000,2400,1700,2000,13000,400,8100,1500,3500,200,4000,800,200,600,3200
144.0,13.22,53000,700031.0,13.19,13.18,13.17,13.16,13.15,13.14,13.13,13.12,13.11,13.1,13.22,13.24,13.25,13.27,13.29,13.3,13.33,13.34,13.36,13.38,1400,2000,3000,2300,1700,2000,2400,1700,2000,13000,400,8100,1500,3500,200,4000,800,200,600,3200
145.0,13.22,53000,700031.0,13.19,13.18,13.17,13.16,13.15,13.14,13.13,13.12,13.11,13.1,13.22,13.24,13.25,13.27,13.29,13.3,13.33,13.34,13.36,13.38,1400,2000,3000,2300,1700,2000,2400,1700,2000,13000,400,8100,1500,3500,200,4000,800,200,600,3200
146.0,13.22,53000,700031.0,13.19,13.18,13.17,13.16,13.15,13.14,13.13,13.12,13.11,13.1,13.22,13.24,13.25,13.27,13.29,13.3,13.33,13.34,13.36,13.38,1400,2000,3000,2300,1700,2000,2400,1700,2000,13000,400,8100,1500,3500,200,4000,800,200,600,3200
147.0,13.22,53000,700031.0,13.19,13.18,13.17,13.16,13.15,13.14,13.13,13.12,13.11,13.1,13.22,13.24,13.25,13.27,13.29,13.3,13.33,13.34,13.36,13.38,1400,2000,3000,2300,1700,2000,2400,1700,2000,13000,1400,8100,1500,3500,200,4000,800,200,600,3200
148.0,13.22,53100,701353.0,13.19,13.18,13.17,13.16,13.15,13.14,13.13,13.12,13.11,13.1,13.22,13.24,13.25,13.27,13.29,13.3,13.33,13.34,13.36,13.38,1400,2000,3000,2300,1700,2000,2400,1700,2000,13000,1300,8100,1500,3500,200,4000,800,200,600,3200
149.0,13.22,53200,702675.0,13.19,13.18,13.17,13.16,13.15,13.14,13.13,13.12,13.11,13.1,13.22,13.24,13.25,13.27,13.29,13.3,13.33,13.34,13.36,13.38,1400,2000,3000,2300,1700,2000,2400,1700,2000,13000,1200,8100,1500,3500,200,4000,800,200,600,3200
150.0,13.22,53200,702675.0,13.19,13.18,13.17,13.16,13.15,13.14,13.13,13.12,13.11,13.1,13.22,13.24,13.25,13.27,13.29,13.3,13.33,13.34,13.36,13.38,1400,2000,3000,2300,1700,2000,2400,1700,2000,13000,1200,8100,1500,3500,200,4000,800,200,600,3200
151.0,13.22,53200,702675.0,13.19,13.18,13.17,13.16,13.15,13.14,13.13,13.12,13.11,13.1,13.22,13.24,13.25,13.27,13.29,13.3,13.33,13.34,13.36,13.38,1900,2000,3000,2300,2700,2000,2400,1700,2000,13000,1200,8100,1500,3500,200,4000,800,200,600,3200
152.0,13.19,53600,707954.0,13.19,13.18,13.17,13.16,13.15,13.14,13.13,13.12,13.11,13.1,13.22,13.24,13.25,13.27,13.29,13.3,13.33,13.34,13.36,13.38,1600,2000,3000,2300,2700,2000,2400,1700,2000,13000,1100,8100,1500,3500,200,4000,800,200,600,3200
153.0,13.19,53600,707954.0,13.19,13.18,13.17,13.16,13.15,13.14,13.13,13.12,13.11,13.1,13.22,13.24,13.25,13.27,13.29,13.3,13.33,13.34,13.36,13.38,1600,2000,3000,2300,2700,2000,2400,1700,2000,13000,1100,8100,1500,3500,200,4000,800,200,600,3200
154.0,13.22,53700,709276.0,13.19,13.18,13.17,13.16,13.15,13.14,13.13,13.12,13.11,13.1,13.22,13.24,13.25,13.27,13.29,13.3,13.33,13.34,13.36,13.38,1600,2000,3000,2300,2700,2000,2400,1700,2000,13000,1000,8100,1500,3500,200,4000,800,200,600,3200
155.0,13.22,53800,710598.0,13.19,13.18,13.17,13.16,13.15,13.14,13.13,13.12,13.11,13.1,13.22,13.24,13.25,13.27,13.29,13.3,13.33,13.34,13.36,13.38,1600,2000,3000,2300,2700,2000,2400,1700,2000,13000,900,8100,1500,3500,200,4000,800,200,600,3200
156.0,13.22,53800,710598.0,13.19,13.18,13.17,13.16,13.15,13.14,13.13,13.12,13.11,13.1,13.22,13.24,13.25,13.27,13.29,13.3,13.33,13.34,13.36,13.38,1600,2000,3000,2300,2700,2000,2400,1700,2000,13000,900,8100,1500,3500,200,7000,800,200,600,3200
157.0,13.22,53900,711920.0,13.19,13.18,13.17,13.16,13.15,13.14,13.13,13.12,13.11,13.1,13.22,13.24,13.25,13.27,13.29,13.3,13.33,13.34,13.36,13.38,1600,2000,3000,2300,2700,2000,2400,1700,2000,13000,800,8100,1500,3500,200,7000,800,200,600,3200
158.0,13.22,53900,711920.0,13.19,13.18,13.17,13.16,13.15,13.14,13.13,13.12,13.11,13.1,13.22,13.24,13.25,13.27,13.29,13.3,13.33,13.34,13.36,13.38,1600,2000,3000,2300,2700,2000,2400,1700,2000,13000,800,8100,1500,3500,200,7000,800,200,600,3200
159.0,13.22,53900,711920.0,13.19,13.18,13.17,13.16,13.15,13.14,13.13,13.12,13.11,13.1,13.22,13.24,13.25,13.27,13.29,13.3,13.33,13.34,13.36,13.38,1600,2000,3000,2300,2700,2000,2400,1700,2000,13000,800,8100,1500,3500,200,7000,800,200,600,3200
160.0,13.22,53900,711920.0,13.19,13.18,13.17,13.16,13.15,13.14,13.13,13.12,13.11,13.1,13.22,13.24,13.25,13.27,13.29,13.3,13.33,13.34,13.36,13.38,1600,2000,3000,2300,2700,2000,2400,1700,2000,13000,800,8100,1500,3500,200,7000,800,200,600,3200
161.0,13.22,53900,711920.0,13.19,13.18,13.17,13.16,13.15,13.14,13.13,13.12,13.11,13.1,13.22,13.24,13.25,13.27,13.29,13.3,13.33,13.34,13.36,13.38,1600,2000,3000,2300,2700,2000,2400,1700,2000,13000,800,8100,1500,3500,200,7000,800,200,600,3200
162.0,13.22,53900,711920.0,13.19,13.18,13.17,13.16,13.15,13.14,13.13,13.12,13.11,13.1,13.22,13.24,13.25,13.27,13.29,13.3,13.33,13.34,13.36,13.38,1600,2000,3000,2300,2700,2000,2400,1700,2000,13000,800,8100,1500,3500,200,7000,800,200,600,3200
163.0,13.22,53900,711920.0,13.19,13.18,13.17,13.16,13.15,13.14,13.13,13.12,13.11,13.1,13.22,13.24,13.25,13.27,13.29,13.3,13.33,13.34,13.36,13.38,1600,2000,3000,2300,2700,2000,2400,1700,2000,13000,800,8100,1500,3500,200,7000,800,200,600,3200
164.0,13.22,53900,711920.0,13.19,13.18,13.17,13.16,13.15,13.14,13.13,13.12,13.11,13.1,13.22,13.24,13.25,13.27,13.29,13.3,13.33,13.34,13.36,13.38,1600,2000,3000,2300,2700,2000,2400,1700,2000,13000,800,8100,1500,3500,200,7000,800,200,600,3200
165.0,13.22,53900,711920.0,13.19,13.18,13.17,13.16,13.15,13.14,13.13,13.12,13.11,13.1,13.22,13.24,13.25,13.27,13.29,13.3,13.33,13.34,13.36,13.38,1600,2000,3000,2300,2700,2000,2400,1700,2000,13000,800,8100,1500,3500,200,7000,800,200,600,3200
166.0,13.22,53900,711920.0,13.19,13.18,13.17,13.16,13.15,13.14,13.13,13.12,13.11,13.1,13.22,13.24,13.25,13.27,13.29,13.3,13.33,13.34,13.36,13.38,1600,2000,3000,2300,2700,2000,2400,1700,2000,13000,800,8100,1500,3500,200,7000,800,200,600,3200
167.0,13.22,53900,711920.0,13.19,13.18,13.17,13.16,13.15,13.14,13.13,13.12,13.11,13.1,13.22,13.24,13.25,13.27,13.29,13.3,13.33,13.34,13.36,13.38,1700,2000,3000,2300,2700,2000,2400,1700,2000,13000,800,8100,1500,3500,200,7000,800,200,600,3200
168.0,13.22,53900,711920.0,13.19,13.18,13.17,13.16,13.15,13.14,13.13,13.12,13.11,13.1,13.22,13.24,13.25,13.27,13.29,13.3,13.33,13.34,13.36,13.38,1700,2000,3000,2300,2700,2000,2400,1700,2000,13000,800,8100,1500,3500,200,7000,800,200,600,3200
169.0,13.22,54000,713242.0,13.19,13.18,13.17,13.16,13.15,13.14,13.13,13.12,13.11,13.1,13.22,13.24,13.25,13.27,13.29,13.3,13.33,13.34,13.36,13.38,1700,2000,3000,2300,2700,2000,2400,1700,2000,13000,700,8100,1500,3500,200,7000,800,200,600,3200
170.0,13.22,54000,713242.0,13.19,13.18,13.17,13.16,13.15,13.14,13.13,13.12,13.11,13.1,13.22,13.24,13.25,13.27,13.29,13.3,13.33,13.34,13.36,13.38,1700,2000,3000,2300,2700,2000,2400,1700,2000,13000,700,8100,1500,3500,200,7000,800,200,600,3200
171.0,13.22,54000,713242.0,13.19,13.18,13.17,13.16,13.15,13.14,13.13,13.12,13.11,13.1,13.22,13.24,13.25,13.27,13.29,13.3,13.33,13.34,13.36,13.38,1700,2000,3000,2300,2700,2000,2400,1700,2000,13000,700,8100,1500,3500,200,7000,800,200,600,3200
172.0,13.22,54000,713242.0,13.19,13.18,13.17,13.16,13.15,13.14,13.13,13.12,13.11,13.1,13.22,13.24,13.25,13.27,13.29,13.3,13.33,13.34,13.36,13.38,1700,2000,3000,2300,2700,2000,2400,1700,2000,13000,700,8100,1500,3500,200,7000,800,200,600,3200
173.0,13.22,54000,713242.0,13.19,13.18,13.17,13.16,13.15,13.14,13.13,13.12,13.11,13.1,13.22,13.24,13.25,13.27,13.29,13.3,13.33,13.34,13.36,13.38,1700,2000,3000,2300,2700,2000,2400,1700,2000,13000,700,8100,1500,3500,200,7000,800,200,600,3200
174.0,13.19,55800,736984.0,13.18,13.17,13.16,13.15,13.14,13.13,13.12,13.11,13.1,13.09,13.19,13.21,13.22,13.24,13.25,13.27,13.29,13.3,13.33,13.34,2000,3000,2300,2700,2000,2400,1700,2000,13000,500,1600,2200,5700,8100,1500,3500,200,7000,800,200
175.0,13.19,56600,747536.0,13.18,13.17,13.16,13.15,13.14,13.13,13.12,13.11,13.1,13.09,13.19,13.21,13.22,13.24,13.25,13.27,13.29,13.3,13.33,13.34,2000,3000,2300,2700,2000,2400,1700,2000,13000,500,800,2300,5700,8100,1500,3500,200,7000,800,200
176.0,13.18,56900,751490.0,13.18,13.17,13.16,13.15,13.14,13.13,13.12,13.11,13.1,13.09,13.19,13.21,13.22,13.24,13.25,13.27,13.29,13.3,13.33,13.34,1700,3000,2300,2700,2000,2400,1700,2000,13000,500,800,2300,5700,8100,1500,3500,200,7000,800,200
177.0,13.18,57100,754126.0,13.18,13.17,13.16,13.15,13.14,13.13,13.12,13.11,13.1,13.09,13.19,13.21,13.22,13.24,13.25,13.27,13.29,13.3,13.33,13.34,1500,3000,2300,2700,2000,2400,1700,2000,13000,500,800,2300,5700,8100,1500,3500,200,7000,800,200
178.0,13.18,57200,755444.0,13.18,13.17,13.16,13.15,13.14,13.13,13.12,13.11,13.1,13.09,13.19,13.21,13.22,13.24,13.25,13.27,13.29,13.3,13.33,13.34,1400,3000,2600,2700,2000,2400,1700,2000,13000,500,1800,2300,5700,8100,1500,3500,200,7000,800,200
179.0,13.18,57400,758081.0,13.18,13.17,13.16,13.15,13.14,13.13,13.12,13.11,13.1,13.09,13.19,13.21,13.22,13.24,13.25,13.27,13.29,13.3,13.33,13.34,1300,3000,2600,2700,2000,2400,1700,2000,13000,500,1700,2300,5700,8100,1500,3500,200,7000,800,200
180.0,13.19,57700,762038.0,13.18,13.17,13.16,13.15,13.14,13.13,13.12,13.11,13.1,13.09,13.19,13.21,13.22,13.24,13.25,13.27,13.29,13.3,13.33,13.34,1300,3000,2600,2700,2000,2400,1700,2000,13000,500,1400,2300,5700,8100,1500,3500,200,7000,800,400
181.0,13.18,57800,763356.0,13.18,13.17,13.16,13.15,13.14,13.13,13.12,13.11,13.1,13.09,13.19,13.21,13.22,13.24,13.25,13.27,13.29,13.3,13.33,13.34,1200,3000,2600,2700,2000,2400,1700,2000,13000,500,1400,2300,5700,8100,1500,3500,200,7000,800,400
182.0,13.19,58500,772583.0,13.18,13.17,13.16,13.15,13.14,13.13,13.12,13.11,13.1,13.09,13.19,13.21,13.22,13.24,13.25,13.27,13.29,13.3,13.33,13.34,600,3000,2600,2700,2000,2400,1700,2000,13000,500,1300,2300,5700,8100,1500,3500,200,7000,2800,400
183.0,13.19,58600,773902.0,13.18,13.17,13.16,13.15,13.14,13.13,13.12,13.11,13.1,13.09,13.19,13.21,13.22,13.24,13.25,13.27,13.29,13.3,13.33,13.34,600,3000,2600,2700,2000,2400,1700,2000,13000,500,1200,2300,5700,8100,1500,3500,200,7000,2800,400
184.0,13.18,58700,775220.0,13.18,13.17,13.16,13.15,13.14,13.13,13.12,13.11,13.1,13.09,13.19,13.21,13.22,13.24,13.25,13.27,13.29,13.3,13.33,13.34,500,3000,2600,2700,2000,2400,1700,2000,13000,500,1200,2200,5700,8100,1500,3500,200,7000,2800,400
185.0,13.18,59300,783129.0,13.17,13.16,13.15,13.14,13.13,13.12,13.11,13.1,13.09,13.07,13.18,13.19,13.21,13.22,13.24,13.25,13.27,13.29,13.3,13.33,3000,2600,2700,2000,2400,1700,2000,13000,500,300,6600,100,2200,5700,8100,1500,3500,200,7000,2800
186.0,13.18,59900,791037.0,13.17,13.16,13.15,13.14,13.13,13.12,13.11,13.1,13.09,13.07,13.18,13.19,13.21,13.22,13.24,13.25,13.27,13.29,13.3,13.33,3000,2600,2700,2000,2400,1700,2000,13000,500,300,6000,100,2200,5700,8100,1500,3500,200,7000,2800
187.0,13.18,59900,791037.0,13.17,13.16,13.15,13.14,13.13,13.12,13.11,13.1,13.09,13.07,13.18,13.19,13.21,13.22,13.24,13.25,13.27,13.29,13.3,13.33,3000,2600,2700,2000,2400,1700,2000,13000,500,300,6000,100,2200,5700,8100,1500,3500,200,7000,2800
188.0,13.18,59900,791037.0,13.17,13.16,13.15,13.14,13.13,13.12,13.11,13.1,13.09,13.07,13.18,13.19,13.21,13.22,13.24,13.25,13.27,13.29,13.3,13.33,3000,2600,2700,2000,2400,1700,2000,13000,500,300,6000,100,2200,5700,8100,1500,3500,200,7000,2800
189.0,13.17,61600,813439.0,13.17,13.16,13.15,13.14,13.13,13.12,13.11,13.1,13.09,13.07,13.18,13.21,13.22,13.24,13.25,13.27,13.29,13.3,13.33,13.34,2600,2600,2700,2000,2400,1700,2000,13000,500,300,4700,2200,5700,8100,1500,3500,200,7000,2800,400
190.0,13.18,62000,818711.0,13.17,13.16,13.15,13.14,13.13,13.12,13.11,13.1,13.09,13.07,13.18,13.21,13.22,13.24,13.25,13.27,13.29,13.3,13.33,13.34,2600,2600,2700,2000,2400,1700,2000,13000,500,300,4300,2200,5700,8100,1500,3500,200,7000,2800,400
191.0,13.17,64600,852953.0,13.16,13.15,13.14,13.13,13.12,13.11,13.1,13.09,13.07,13.05,13.17,13.18,13.21,13.22,13.24,13.25,13.27,13.29,13.3,13.33,2600,2700,2000,2400,1700,2000,13000,500,300,1300,1600,4300,2200,5700,8100,1500,3500,200,7000,2800
192.0,13.17,65000,858221.0,13.16,13.15,13.14,13.13,13.12,13.11,13.1,13.09,13.07,13.05,13.17,13.18,13.21,13.22,13.24,13.25,13.27,13.29,13.3,13.33,2600,2700,2000,2400,1700,2000,13000,500,300,1300,1200,4300,2200,5700,8100,1500,3500,200,7000,2800
193.0,13.17,65100,859538.0,13.16,13.15,13.14,13.13,13.12,13.11,13.1,13.09,13.07,13.05,13.17,13.18,13.21,13.22,13.24,13.25,13.27,13.29,13.3,13.33,2600,2700,2000,2400,1700,2000,13000,500,300,1300,1100,4300,2200,5700,8100,1500,3500,200,7000,2800
194.0,13.17,65200,860855.0,13.16,13.15,13.14,13.13,13.12,13.11,13.1,13.09,13.07,13.05,13.17,13.18,13.21,13.22,13.24,13.25,13.27,13.29,13.3,13.33,2600,2700,2000,2400,1700,2000,13000,500,300,1300,1000,4300,2200,5700,8100,1500,3500,200,7000,2800
195.0,13.17,65200,860855.0,13.16,13.15,13.14,13.13,13.12,13.11,13.1,13.09,13.07,13.05,13.17,13.18,13.21,13.22,13.24,13.25,13.27,13.29,13.3,13.33,2600,2700,2000,2400,1700,2000,13000,500,300,1300,1000,4300,2200,5700,8100,1500,3500,200,7000,2800
196.0,13.17,65300,862172.0,13.16,13.15,13.14,13.13,13.12,13.11,13.1,13.09,13.07,13.05,13.17,13.18,13.21,13.22,13.24,13.25,13.27,13.29,13.3,13.33,2600,2700,2000,2400,1700,2000,13000,500,300,1300,900,4300,2200,5700,8100,1500,3500,200,7000,2800
197.0,13.17,65300,862172.0,13.16,13.15,13.14,13.13,13.12,13.11,13.1,13.09,13.07,13.05,13.17,13.18,13.21,13.22,13.24,13.25,13.27,13.29,13.3,13.33,2300,2700,2000,2400,1700,2200,13000,500,300,1300,2800,4300,2200,5700,8100,1500,3500,200,7000,2800
198.0,13.17,65300,862172.0,13.16,13.15,13.14,13.13,13.12,13.11,13.1,13.09,13.07,13.05,13.17,13.18,13.21,13.22,13.24,13.25,13.27,13.29,13.3,13.33,2300,2700,2000,2400,1700,2200,13000,500,300,1300,2800,4300,2200,5700,8100,1500,3500,200,7000,2800
199.0,13.17,65300,862172.0,13.16,13.15,13.14,13.13,13.12,13.11,13.1,13.09,13.07,13.05,13.17,13.18,13.21,13.22,13.24,13.25,13.27,13.29,13.3,13.33,2300,2700,2000,2400,1700,2200,13000,500,300,1300,2800,4300,2200,5700,8100,1500,3500,200,7000,2800
200.0,13.17,65900,870074.0,13.16,13.15,13.14,13.13,13.12,13.11,13.1,13.09,13.07,13.05,13.17,13.18,13.21,13.22,13.24,13.25,13.27,13.29,13.3,13.33,2600,2700,2000,2400,1700,2200,13000,500,300,1300,2200,4300,2200,5700,8100,1500,3500,200,7000,2800
201.0,13.17,65900,870074.0,13.16,13.15,13.14,13.13,13.12,13.11,13.1,13.09,13.07,13.05,13.17,13.18,13.21,13.22,13.24,13.25,13.27,13.29,13.3,13.33,2600,2700,2000,2400,1700,2200,13000,500,300,1300,2200,4300,2200,5700,8100,1500,3500,200,7000,2800
202.0,13.17,66600,879293.0,13.16,13.15,13.14,13.13,13.12,13.11,13.1,13.09,13.07,13.05,13.17,13.18,13.21,13.22,13.24,13.25,13.27,13.29,13.3,13.33,2600,2700,2000,2400,1700,2200,13000,500,300,1300,1500,4300,2200,5700,8100,1500,3500,200,7000,2800
203.0,13.17,66700,880610.0,13.16,13.15,13.14,13.13,13.12,13.11,13.1,13.09,13.07,13.05,13.17,13.18,13.21,13.22,13.24,13.25,13.27,13.29,13.3,13.33,2600,2700,2000,2400,1700,2200,13000,500,300,1300,1400,4300,2200,5700,8100,1500,3500,200,7000,2800
204.0,13.18,71300,941224.0,13.17,13.16,13.15,13.14,13.13,13.12,13.11,13.1,13.09,13.07,13.18,13.22,13.24,13.25,13.27,13.29,13.3,13.33,13.34,13.36,2000,2600,2700,2000,2400,1700,2200,13000,500,300,1600,5700,8100,1500,3500,200,7000,2800,400,600
205.0,13.18,71300,941224.0,13.17,13.16,13.15,13.14,13.13,13.12,13.11,13.1,13.09,13.07,13.18,13.22,13.24,13.25,13.27,13.29,13.3,13.33,13.34,13.36,2000,2600,2700,2000,2400,1700,2200,13000,500,300,1600,5700,8100,1500,3500,200,7000,2800,400,600
206.0,13.18,72300,954398.0,13.17,13.16,13.15,13.14,13.13,13.12,13.11,13.1,13.09,13.07,13.18,13.19,13.21,13.22,13.24,13.25,13.27,13.29,13.3,13.33,1300,2600,2700,2000,2400,1700,2200,13000,500,300,1500,700,2300,6100,8100,1500,3500,200,7000,2800
207.0,13.18,72500,957034.0,13.17,13.16,13.15,13.14,13.13,13.12,13.11,13.1,13.09,13.07,13.18,13.19,13.21,13.22,13.24,13.25,13.27,13.29,13.3,13.33,1300,2600,2700,2000,2400,1700,2200,13000,500,300,1300,700,2300,6100,8100,1500,3500,200,7000,2800
208.0,13.18,72500,957034.0,13.17,13.16,13.15,13.14,13.13,13.12,13.11,13.1,13.09,13.07,13.18,13.19,13.21,13.22,13.24,13.25,13.27,13.29,13.3,13.33,1300,2600,2700,2000,2400,1700,2200,13000,500,300,1300,700,2300,6100,8100,1500,3500,200,7000,2800
209.0,13.18,72500,957034.0,13.17,13.16,13.15,13.14,13.13,13.12,13.11,13.1,13.09,13.07,13.18,13.21,13.22,13.24,13.27,13.29,13.3,13.33,13.34,13.36,1300,2600,2700,2000,2400,1700,2200,13000,500,300,1300,4100,6100,8100,3500,200,7000,2800,400,600
210.0,13.18,72600,958352.0,13.17,13.16,13.15,13.14,13.13,13.12,13.11,13.1,13.09,13.07,13.18,13.21,13.22,13.24,13.27,13.29,13.3,13.33,13.34,13.36,1300,2600,2700,2000,2400,1700,2200,13000,500,300,1200,4100,6100,8100,3500,200,7000,2800,400,600
211.0,13.18,72600,958352.0,13.17,13.16,13.15,13.14,13.13,13.12,13.11,13.1,13.09,13.07,13.18,13.21,13.22,13.24,13.27,13.29,13.3,13.33,13.34,13.36,1300,2600,2700,2000,2400,1700,2200,13000,500,300,1200,4100,6100,8100,3500,200,7000,2800,400,600
212.0,13.18,72600,958352.0,13.17,13.16,13.15,13.14,13.13,13.12,13.11,13.1,13.09,13.07,13.18,13.21,13.22,13.24,13.27,13.29,13.3,13.33,13.34,13.36,1300,2600,2700,2000,2400,1700,2200,13000,500,300,1200,4100,6100,8100,3500,200,7000,2800,400,600
213.0,13.18,72600,958352.0,13.17,13.16,13.15,13.14,13.13,13.12,13.11,13.1,13.09,13.07,13.18,13.21,13.22,13.24,13.27,13.29,13.3,13.33,13.34,13.36,1300,2600,2700,2000,2400,1700,2200,13000,500,300,1200,4100,6100,8100,3500,200,7000,2800,400,600
214.0,13.18,72700,959670.0,13.17,13.16,13.15,13.14,13.13,13.12,13.11,13.1,13.09,13.07,13.18,13.21,13.22,13.24,13.27,13.29,13.3,13.33,13.34,13.36,1600,2600,2700,2000,2400,2700,2200,13000,500,300,1100,4100,6100,8100,3500,200,7000,2800,400,600
215.0,13.18,73000,963624.0,13.17,13.16,13.15,13.14,13.13,13.12,13.11,13.1,13.09,13.07,13.18,13.21,13.22,13.24,13.27,13.29,13.3,13.33,13.34,13.36,1600,2600,2700,2000,2400,2700,2200,13000,500,300,800,4100,6100,8100,3500,200,7000,2800,400,600
216.0,13.18,73100,964942.0,13.17,13.16,13.15,13.14,13.13,13.12,13.11,13.1,13.09,13.07,13.18,13.21,13.22,13.24,13.27,13.29,13.3,13.33,13.34,13.36,1600,6600,2700,2000,2400,2700,2200,13000,500,300,700,4100,6100,8100,3500,200,7000,2800,400,600
217.0,13.18,73100,964942.0,13.17,13.16,13.15,13.14,13.13,13.12,13.11,13.1,13.09,13.07,13.18,13.21,13.22,13.24,13.27,13.29,13.3,13.33,13.34,13.36,1600,6600,2700,2000,2400,2700,2200,13000,500,300,700,4100,6100,8100,3500,200,7000,2800,400,600
218.0,13.18,73400,968896.0,13.17,13.16,13.15,13.14,13.13,13.12,13.11,13.1,13.09,13.07,13.18,13.21,13.22,13.24,13.27,13.29,13.3,13.33,13.34,13.36,1600,6600,2700,2000,2400,2700,2200,13000,500,300,400,4500,5700,8100,3500,200,7000,2800,400,600
219.0,13.18,73500,970214.0,13.17,13.16,13.15,13.14,13.13,13.12,13.11,13.1,13.09,13.07,13.18,13.21,13.22,13.24,13.27,13.29,13.3,13.33,13.34,13.36,1600,6600,2700,2000,2400,2700,2200,13000,500,300,300,4500,5700,8100,3500,200,7000,2800,400,600
220.0,13.18,73500,970214.0,13.17,13.16,13.15,13.14,13.13,13.12,13.11,13.1,13.09,13.07,13.18,13.21,13.22,13.24,13.27,13.29,13.3,13.33,13.34,13.36,3600,6600,2700,2000,2400,2700,2200,13000,500,300,300,4500,5700,8100,3500,200,7000,2800,400,600
221.0,13.18,73500,970214.0,13.17,13.16,13.15,13.14,13.13,13.12,13.11,13.1,13.09,13.07,13.18,13.21,13.22,13.24,13.27,13.29,13.3,13.33,13.34,13.36,3600,6600,2700,2000,2400,2700,2200,13000,500,300,300,2200,5700,8100,3500,200,7000,2800,400,600
222.0,13.18,73500,970214.0,13.17,13.16,13.15,13.14,13.13,13.12,13.11,13.1,13.09,13.07,13.18,13.21,13.22,13.24,13.27,13.29,13.3,13.33,13.34,13.36,3600,6600,2700,2000,2400,2700,2200,13000,500,300,300,2300,5700,8100,3500,200,7000,2800,400,600
223.0,13.18,73500,970214.0,13.17,13.16,13.15,13.14,13.13,13.12,13.11,13.1,13.09,13.07,13.18,13.21,13.22,13.24,13.27,13.29,13.3,13.33,13.34,13.36,4100,6600,2700,2000,2400,2700,2200,13000,500,300,600,2300,5700,8100,3500,200,7000,2800,400,600
224.0,13.18,73700,972850.0,13.17,13.16,13.15,13.14,13.13,13.12,13.11,13.1,13.09,13.07,13.18,13.21,13.22,13.24,13.27,13.29,13.3,13.33,13.34,13.36,4100,6600,2700,2000,2400,2700,2600,13000,500,300,400,2300,5700,8100,3500,200,7000,2800,400,600
225.0,13.18,73700,972850.0,13.17,13.16,13.15,13.14,13.13,13.12,13.11,13.1,13.09,13.07,13.18,13.21,13.22,13.24,13.27,13.29,13.3,13.33,13.34,13.36,4100,6600,2700,2000,2400,2700,2600,13000,500,300,400,2300,5700,8100,3500,200,7000,2800,400,600
226.0,13.18,73700,972850.0,13.17,13.16,13.15,13.14,13.13,13.12,13.11,13.1,13.09,13.07,13.18,13.2,13.21,13.22,13.24,13.27,13.29,13.3,13.33,13.34,4100,6600,2700,2000,2400,2700,2600,13000,500,300,400,5000,2300,5700,8100,3500,200,7000,2800,400
227.0,13.18,73700,972850.0,13.17,13.16,13.15,13.14,13.13,13.12,13.11,13.1,13.09,13.07,13.18,13.2,13.21,13.22,13.24,13.27,13.29,13.3,13.33,13.34,4100,6600,2700,2000,2400,2700,2600,13000,500,300,400,5000,2300,5700,8100,3500,200,7000,2800,400
228.0,13.18,73700,972850.0,13.17,13.16,13.15,13.14,13.13,13.12,13.11,13.1,13.09,13.07,13.18,13.2,13.21,13.22,13.24,13.27,13.29,13.3,13.33,13.34,4100,6600,2700,2000,2400,2700,2600,13000,500,300,400,5000,2300,5700,8100,3500,200,7000,2800,400
229.0,13.18,74100,978122.0,13.18,13.17,13.16,13.15,13.14,13.13,13.12,13.11,13.1,13.09,13.2,13.21,13.22,13.24,13.27,13.29,13.3,13.33,13.34,13.36,3600,4100,6600,2700,2000,2400,2700,2600,13000,500,5000,2300,5700,8100,3500,200,7000,2800,400,600
230.0,13.18,74100,978122.0,13.19,13.18,13.17,13.16,13.15,13.14,13.13,13.12,13.11,13.1,13.2,13.21,13.22,13.24,13.27,13.29,13.3,13.33,13.34,13.36,300,3700,4100,6300,2700,2000,2400,2700,2600,13000,5400,1900,5700,8100,3500,200,7000,2800,400,600
231.0,13.2,74600,984722.0,13.19,13.18,13.17,13.16,13.15,13.14,13.13,13.12,13.11,13.1,13.2,13.21,13.22,13.24,13.27,13.29,13.3,13.33,13.34,13.36,300,3700,4100,6300,2700,2000,2400,2700,2600,13000,4900,1900,5700,8100,3500,200,7000,2800,400,600
232.0,13.2,74600,984722.0,13.19,13.18,13.17,13.16,13.15,13.14,13.13,13.12,13.11,13.1,13.2,13.21,13.22,13.24,13.27,13.29,13.3,13.33,13.34,13.36,300,3700,4100,6300,2700,2000,2400,2700,2600,13000,4900,1900,5700,8100,3500,200,7000,2800,400,600
233.0,13.2,74600,984722.0,13.19,13.18,13.17,13.16,13.15,13.14,13.13,13.12,13.11,13.1,13.2,13.21,13.22,13.24,13.27,13.29,13.3,13.33,13.34,13.36,300,3700,4100,6300,2700,2000,2400,2700,2600,13000,4900,1900,5700,8100,3500,200,7000,2800,400,600
234.0,13.2,75000,990002.0,13.19,13.18,13.17,13.16,13.15,13.14,13.13,13.12,13.11,13.1,13.2,13.21,13.22,13.24,13.27,13.29,13.3,13.33,13.34,13.35,500,3700,3800,6300,2700,2000,2400,2700,2600,13000,4500,1900,5700,8100,3500,200,7000,2800,400,10000
235.0,13.2,75000,990002.0,13.19,13.18,13.17,13.16,13.15,13.14,13.13,13.12,13.11,13.1,13.2,13.21,13.22,13.24,13.27,13.29,13.3,13.33,13.34,13.35,500,3700,3800,6300,2700,2000,2400,2700,2600,13000,4500,1900,5700,8100,3500,200,7000,2800,400,10000
236.0,13.19,77500,1023001.0,13.19,13.18,13.17,13.16,13.15,13.14,13.13,13.12,13.11,13.1,13.2,13.21,13.22,13.24,13.27,13.29,13.3,13.33,13.34,13.35,400,3700,3800,6300,2700,2000,2400,2700,2600,13000,2100,1900,5700,8100,3500,200,7000,2800,400,10000
237.0,13.2,77900,1028281.0,13.19,13.18,13.17,13.16,13.15,13.14,13.13,13.12,13.11,13.1,13.2,13.21,13.22,13.24,13.27,13.29,13.3,13.33,13.34,13.35,400,3700,3800,6300,2700,2000,2400,2700,2600,13000,1700,1900,5700,8100,3500,200,7000,2800,400,10000
238.0,13.2,77900,1028281.0,13.19,13.18,13.17,13.16,13.15,13.14,13.13,13.12,13.11,13.1,13.2,13.21,13.22,13.24,13.27,13.29,13.3,13.33,13.34,13.35,400,3700,3800,6300,2700,2000,2400,2700,2600,13000,1700,1900,5700,8100,3500,200,7000,2800,400,10000
239.0,13.2,78200,1032241.0,13.19,13.18,13.17,13.16,13.15,13.14,13.13,13.12,13.11,13.1,13.2,13.21,13.22,13.24,13.27,13.29,13.3,13.33,13.34,13.35,400,3700,3800,6300,2700,2000,2400,2700,2600,13000,1400,1900,5700,8100,3500,200,7000,2800,400,10000
240.0,13.2,78300,1033561.0,13.19,13.18,13.17,13.16,13.15,13.14,13.13,13.12,13.11,13.1,13.2,13.21,13.22,13.24,13.27,13.29,13.3,13.33,13.34,13.35,400,3700,3800,6300,2700,2000,2400,2700,2600,13000,1300,1900,5700,8100,3500,200,7000,2800,400,10000
241.0,13.19,78500,1036200.0,13.19,13.18,13.17,13.16,13.15,13.14,13.13,13.12,13.11,13.1,13.2,13.21,13.22,13.24,13.27,13.29,13.3,13.33,13.34,13.35,300,3700,3800,6300,2700,2000,2400,2700,2600,13000,1200,1900,5700,8100,3500,200,7000,2800,400,10000
242.0,13.19,78500,1036200.0,13.19,13.18,13.17,13.16,13.15,13.14,13.13,13.12,13.11,13.1,13.2,13.21,13.22,13.24,13.27,13.29,13.3,13.33,13.34,13.35,300,3700,3800,6300,2700,2000,2400,2700,2600,13000,1200,1900,5700,8100,3500,200,7000,2800,400,10000
243.0,13.2,78600,1037520.0,13.19,13.18,13.17,13.16,13.15,13.14,13.13,13.12,13.11,13.1,13.2,13.21,13.22,13.24,13.27,13.29,13.3,13.33,13.34,13.35,300,3700,3800,6300,2700,2000,2400,2700,2600,13000,1100,1900,5700,8100,3500,200,7000,2800,400,10000
244.0,13.2,78700,1038840.0,13.19,13.18,13.17,13.16,13.15,13.14,13.13,13.12,13.11,13.1,13.2,13.21,13.22,13.24,13.27,13.29,13.3,13.32,13.33,13.34,300,3700,3800,6300,2700,2000,2400,2700,2600,13000,1000,1800,5700,8100,3500,200,7000,500,2800,400
245.0,13.19,79000,1042797.0,13.18,13.17,13.16,13.15,13.14,13.13,13.12,13.11,13.1,13.09,13.2,13.21,13.22,13.24,13.27,13.29,13.3,13.32,13.33,13.34,3600,3800,6300,2700,2000,2400,2700,2600,13000,500,1100,1800,5700,8100,3500,200,7000,500,2800,400
246.0,13.19,79000,1042797.0,13.19,13.18,13.17,13.16,13.15,13.14,13.13,13.12,13.11,13.1,13.2,13.21,13.22,13.24,13.27,13.29,13.3,13.32,13.33,13.34,100,3600,3800,6300,2700,2000,2400,2700,2600,13000,1100,1800,5700,8100,3500,200,7000,500,2800,400
247.0,13.2,79100,1044117.0,13.19,13.18,13.17,13.16,13.15,13.14,13.13,13.12,13.11,13.1,13.2,13.21,13.22,13.24,13.27,13.29,13.3,13.32,13.33,13.34,3900,3600,3800,6300,2700,2000,2400,2700,2600,13000,1000,1800,5700,8100,3500,200,7000,500,2800,400
248.0,13.2,79100,1044117.0,13.19,13.18,13.17,13.16,13.15,13.14,13.13,13.12,13.11,13.1,13.2,13.21,13.22,13.24,13.27,13.29,13.3,13.32,13.33,13.34,3900,3600,3800,6300,2700,2000,2400,2700,2600,13000,1000,1800,5700,8100,3500,200,7000,500,2800,400
249.0,13.2,79100,1044117.0,13.19,13.18,13.17,13.16,13.15,13.14,13.13,13.12,13.11,13.1,13.2,13.21,13.22,13.24,13.27,13.29,13.3,13.32,13.33,13.34,3900,3600,3800,6300,2700,2000,2400,2700,2600,13000,1000,1800,5700,8100,3500,200,7000,500,2800,400
250.0,13.2,79400,1048077.0,13.19,13.18,13.17,13.16,13.15,13.14,13.13,13.12,13.11,13.1,13.2,13.21,13.22,13.24,13.27,13.29,13.3,13.32,13.33,13.34,3900,3600,3800,6300,2700,2000,2400,2700,2600,13000,700,1800,5700,8100,3500,200,7000,500,2800,400
251.0,13.2,79400,1048077.0,13.19,13.18,13.17,13.16,13.15,13.14,13.13,13.12,13.11,13.1,13.2,13.21,13.22,13.24,13.27,13.29,13.3,13.32,13.33,13.34,3900,3600,3800,6300,2700,2000,2400,2700,2600,13000,700,1800,5700,8100,3500,200,7000,500,2800,400
252.0,13.19,83300,1099518.0,13.18,13.17,13.16,13.15,13.14,13.13,13.12,13.11,13.1,13.09,13.19,13.2,13.21,13.22,13.24,13.27,13.29,13.3,13.32,13.33,3600,3800,6300,2700,2000,2400,2700,2600,13000,500,100,700,1800,5700,8100,3500,200,7000,500,2800
253.0,13.19,83300,1099518.0,13.18,13.17,13.16,13.15,13.14,13.13,13.12,13.11,13.1,13.09,13.19,13.2,13.21,13.22,13.24,13.27,13.29,13.3,13.32,13.33,3600,3800,6300,2700,2000,2400,2700,2600,13000,500,100,700,1800,5700,8100,3500,200,7000,500,2800
254.0,13.19,83300,1099518.0,13.18,13.17,13.16,13.15,13.14,13.13,13.12,13.11,13.1,13.09,13.19,13.2,13.21,13.22,13.24,13.27,13.29,13.3,13.32,13.33,3600,3800,6300,2700,2000,2400,2700,2700,13000,500,700,300,1800,5700,8100,3500,200,7000,500,2800
255.0,13.19,83300,1099518.0,13.18,13.17,13.16,13.15,13.14,13.13,13.12,13.11,13.1,13.09,13.19,13.2,13.21,13.22,13.24,13.27,13.29,13.3,13.32,13.33,3600,3800,6300,2700,2000,2400,2700,2700,13000,500,700,300,1800,5700,8100,3500,200,7000,500,2800
256.0,13.19,83300,1099518.0,13.18,13.17,13.16,13.15,13.14,13.13,13.12,13.11,13.1,13.09,13.19,13.2,13.21,13.22,13.24,13.27,13.29,13.3,13.32,13.33,3600,3800,6300,2700,2000,2400,2700,2700,13000,500,700,300,1800,5700,8100,3500,200,7000,500,2800
257.0,13.19,83300,1099518.0,13.18,13.17,13.16,13.15,13.14,13.13,13.12,13.11,13.1,13.09,13.19,13.2,13.21,13.22,13.24,13.27,13.29,13.3,13.32,13.33,3600,3800,6300,2700,2000,2400,2700,2700,13000,500,700,300,1800,5700,8100,3500,200,7000,500,2800
258.0,13.19,83300,1099518.0,13.18,13.17,13.16,13.15,13.14,13.13,13.12,13.11,13.1,13.09,13.19,13.2,13.21,13.22,13.24,13.27,13.29,13.3,13.32,13.33,3600,3800,6300,2700,2000,4700,2700,2700,13000,500,700,300,1800,5700,8100,3500,200,7000,500,2800
259.0,13.19,83300,1099518.0,13.18,13.17,13.16,13.15,13.14,13.13,13.12,13.11,13.1,13.09,13.19,13.2,13.21,13.22,13.24,13.27,13.29,13.3,13.32,13.33,3600,3800,6300,2700,2000,4700,2700,2700,13000,500,700,300,1800,5700,8100,3500,200,7000,500,2800
260.0,13.19,83500,1102156.0,13.18,13.17,13.16,13.15,13.14,13.13,13.12,13.11,13.1,13.09,13.19,13.2,13.21,13.22,13.24,13.27,13.29,13.3,13.32,13.33,3600,3800,6300,2700,2000,4700,2700,2700,13000,500,500,300,1800,5700,8100,3500,200,7000,500,2800
261.0,13.19,83500,1102156.0,13.18,13.17,13.16,13.15,13.14,13.13,13.12,13.11,13.1,13.09,13.19,13.2,13.21,13.22,13.24,13.27,13.29,13.3,13.32,13.33,3600,3800,6300,2700,2000,4700,2700,2700,13000,500,500,300,1800,5700,8100,3500,200,7000,500,2800
262.0,13.18,83900,1107429.0,13.18,13.17,13.16,13.15,13.14,13.13,13.12,13.11,13.1,13.09,13.19,13.2,13.21,13.22,13.24,13.27,13.29,13.3,13.32,13.33,3300,3800,6300,2700,2000,4700,2700,2700,13000,500,400,300,1800,5700,8100,3500,200,7000,500,2800
263.0,13.18,83900,1107429.0,13.18,13.17,13.16,13.15,13.14,13.13,13.12,13.11,13.1,13.09,13.19,13.2,13.21,13.22,13.24,13.27,13.29,13.3,13.32,13.33,3300,3800,6300,2700,2000,4700,2700,2700,13000,500,400,300,1800,5700,8100,3500,200,7000,500,2800
264.0,13.18,83900,1107429.0,13.18,13.17,13.16,13.15,13.14,13.13,13.12,13.11,13.1,13.09,13.19,13.2,13.21,13.22,13.24,13.27,13.29,13.3,13.32,13.33,3300,3800,6300,2700,2000,4700,2700,2700,13000,500,400,300,1800,5700,8100,3500,200,7000,500,2800
265.0,13.18,83900,1107429.0,13.18,13.17,13.16,13.15,13.14,13.13,13.12,13.11,13.1,13.09,13.19,13.2,13.21,13.22,13.24,13.27,13.29,13.3,13.32,13.33,3300,3800,6300,2700,2000,4700,2700,2700,13000,500,400,300,1800,5700,8100,3500,200,7000,500,2800
266.0,13.18,83900,1107429.0,13.18,13.17,13.16,13.15,13.14,13.13,13.12,13.11,13.1,13.09,13.19,13.2,13.21,13.22,13.24,13.27,13.29,13.3,13.32,13.33,3300,3800,6300,2700,2000,4700,2700,2700,13000,500,400,300,1800,5700,8100,3500,200,7000,500,2800
267.0,13.18,83900,1107429.0,13.18,13.17,13.16,13.15,13.14,13.13,13.12,13.11,13.1,13.09,13.19,13.2,13.21,13.22,13.24,13.27,13.29,13.3,13.32,13.33,3300,3800,6300,2700,2000,4700,2700,2700,13000,500,500,200,1800,5700,8100,3500,200,7000,500,2800
268.0,13.18,83900,1107429.0,13.18,13.17,13.16,13.15,13.14,13.13,13.12,13.11,13.1,13.09,13.19,13.2,13.21,13.22,13.24,13.27,13.29,13.3,13.32,13.33,3300,3800,6300,2700,2000,4700,2700,2700,13000,500,500,200,1800,5700,8100,3500,200,7000,500,2800
269.0,13.18,85400,1127199.0,13.18,13.17,13.16,13.15,13.14,13.13,13.12,13.11,13.1,13.09,13.19,13.2,13.21,13.22,13.24,13.27,13.29,13.3,13.32,13.33,1800,3800,6300,2700,2000,4700,2700,2700,13000,500,500,200,1800,5700,8100,3500,200,7000,500,2800
270.0,13.18,85400,1127199.0,13.18,13.17,13.16,13.15,13.14,13.13,13.12,13.11,13.1,13.09,13.19,13.2,13.21,13.22,13.24,13.27,13.29,13.3,13.32,13.33,1800,3800,6300,2700,2000,4700,2700,2700,13000,500,500,200,1800,5700,8100,3500,200,7000,500,2800
271.0,13.19,86000,1135113.0,13.19,13.18,13.17,13.16,13.15,13.14,13.13,13.12,13.11,13.1,13.2,13.21,13.22,13.24,13.27,13.29,13.3,13.32,13.33,13.34,100,1800,3800,6300,2700,2000,4700,2700,2700,13000,200,1800,5700,8100,3500,200,7000,500,2800,400
272.0,13.19,86000,1135113.0,13.19,13.18,13.17,13.16,13.15,13.14,13.13,13.12,13.11,13.1,13.2,13.21,13.22,13.24,13.27,13.29,13.3,13.32,13.33,13.34,100,1800,3800,6300,2700,2000,4700,2700,2700,13000,200,1800,5700,8100,3500,200,7000,500,2800,400
273.0,13.19,86000,1135113.0,13.19,13.18,13.17,13.16,13.15,13.14,13.13,13.12,13.11,13.1,13.2,13.21,13.22,13.24,13.27,13.29,13.3,13.32,13.33,13.34,100,1800,3800,6300,2700,2000,4700,2700,2700,13000,200,1800,5700,8100,3500,200,7000,500,2800,400
274.0,13.19,86000,1135113.0,13.19,13.18,13.17,13.16,13.15,13.14,13.13,13.12,13.11,13.1,13.2,13.21,13.22,13.24,13.27,13.29,13.3,13.32,13.33,13.34,100,1800,3800,6300,2700,2000,4700,2700,2700,13000,200,1800,5700,8100,3500,200,7000,500,2800,400
275.0,13.2,86200,1137752.0,13.18,13.17,13.16,13.15,13.14,13.13,13.12,13.11,13.1,13.09,13.2,13.21,13.22,13.24,13.27,13.29,13.3,13.32,13.33,13.34,1800,3800,6300,2700,2000,4700,2700,2700,13000,500,100,1800,5700,8100,3500,200,7000,500,2800,400
276.0,13.2,86200,1137752.0,13.18,13.17,13.16,13.15,13.14,13.13,13.12,13.11,13.1,13.09,13.2,13.21,13.22,13.24,13.27,13.29,13.3,13.32,13.33,13.34,1800,3800,6300,2700,2000,4700,2700,2700,13000,500,100,1800,5700,8100,3500,200,7000,500,2800,400
277.0,13.2,86200,1137752.0,13.18,13.17,13.16,13.15,13.14,13.13,13.12,13.11,13.1,13.09,13.2,13.21,13.22,13.24,13.27,13.29,13.3,13.32,13.33,13.34,1800,3800,6300,2700,2000,4700,2700,2700,13000,500,100,1800,5700,8100,3500,200,7000,500,2800,400
278.0,13.2,86200,1137752.0,13.18,13.17,13.16,13.15,13.14,13.13,13.12,13.11,13.1,13.09,13.2,13.21,13.22,13.24,13.27,13.29,13.3,13.32,13.33,13.34,1800,3800,6300,2700,2000,4700,2700,2700,13000,500,100,1800,5700,8100,3500,200,7000,500,2800,400
279.0,13.2,86200,1137752.0,13.18,13.17,13.16,13.15,13.14,13.13,13.12,13.11,13.1,13.09,13.2,13.21,13.22,13.24,13.27,13.29,13.3,13.32,13.33,13.34,1800,3800,6300,2700,2000,4700,2700,2700,13000,500,100,1800,5700,8100,3500,200,7000,500,2800,400
280.0,13.2,86200,1137752.0,13.18,13.17,13.16,13.15,13.14,13.13,13.12,13.11,13.1,13.09,13.2,13.21,13.22,13.24,13.27,13.29,13.3,13.32,13.33,13.34,1800,3800,6300,2700,2000,4700,2700,2700,13000,500,100,1800,5700,8100,3500,200,7000,500,2800,400
281.0,13.2,86200,1137752.0,13.18,13.17,13.16,13.15,13.14,13.13,13.12,13.11,13.1,13.09,13.2,13.21,13.22,13.24,13.27,13.29,13.3,13.32,13.33,13.34,1800,3800,6300,2700,2000,4700,2700,2700,13000,500,100,1800,5700,8100,3500,200,7000,500,2800,400
282.0,13.2,86200,1137752.0,13.18,13.17,13.16,13.15,13.14,13.13,13.12,13.11,13.1,13.09,13.2,13.21,13.22,13.24,13.27,13.29,13.3,13.32,13.33,13.34,1800,3800,6300,2700,2000,4700,2700,2700,13000,500,100,1800,5700,8100,3500,200,6000,500,2800,400
283.0,13.2,86200,1137752.0,13.18,13.17,13.16,13.15,13.14,13.13,13.12,13.11,13.1,13.09,13.2,13.21,13.22,13.24,13.27,13.29,13.3,13.32,13.33,13.34,1800,3800,6300,2700,2000,4700,2700,2700,13000,500,100,1800,5700,8100,3500,200,6000,500,2800,400
284.0,13.2,86200,1137752.0,13.18,13.17,13.16,13.15,13.14,13.13,13.12,13.11,13.1,13.09,13.2,13.21,13.22,13.24,13.27,13.29,13.3,13.32,13.33,13.34,1800,3800,6300,2700,2000,4700,2700,2700,13000,500,100,1800,5700,8100,3500,200,6000,500,2800,400
285.0,13.2,86200,1137752.0,13.18,13.17,13.16,13.15,13.14,13.13,13.12,13.11,13.1,13.09,13.2,13.21,13.22,13.24,13.27,13.29,13.3,13.32,13.33,13.34,1800,3800,6300,2700,2000,4700,2700,2700,13000,500,100,1800,5700,8100,3500,200,6000,500,2800,400
286.0,13.2,86200,1137752.0,13.18,13.17,13.16,13.15,13.14,13.13,13.12,13.11,13.1,13.09,13.2,13.21,13.22,13.24,13.27,13.29,13.3,13.32,13.33,13.34,1800,3800,6300,2700,2000,4700,2700,2700,13000,500,100,1800,5700,8100,3500,200,6000,500,2800,400
287.0,13.2,86300,1139072.0,13.18,13.17,13.16,13.15,13.14,13.13,13.12,13.11,13.1,13.09,13.21,13.22,13.24,13.27,13.29,13.3,13.32,13.33,13.34,13.35,1800,3800,6300,2700,2000,4700,2700,2700,13000,500,1800,5700,8100,3500,200,6000,500,2800,400,11000
288.0,13.21,86400,1140393.0,13.18,13.17,13.16,13.15,13.14,13.13,13.12,13.11,13.1,13.09,13.21,13.22,13.24,13.27,13.29,13.3,13.32,13.33,13.34,13.35,1900,3800,6300,2700,2000,4700,2700,2700,13000,500,1800,5700,8100,3500,200,6000,500,2800,400,11000
289.0,13.18,86500,1141711.0,13.18,13.17,13.16,13.15,13.14,13.13,13.12,13.11,13.1,13.09,13.21,13.22,13.24,13.27,13.29,13.3,13.32,13.33,13.34,13.35,1900,3800,6300,2700,2000,4700,2700,2700,13000,500,1900,5700,8100,3500,200,6000,500,2800,400,11000
290.0,13.18,86500,1141711.0,13.18,13.17,13.16,13.15,13.14,13.13,13.12,13.11,13.1,13.09,13.21,13.22,13.24,13.27,13.29,13.3,13.32,13.33,13.34,13.35,1900,3800,6300,2700,2000,4700,2700,2700,13000,500,1900,5700,8100,3500,200,6000,500,2800,400,11000
291.0,13.18,86500,1141711.0,13.18,13.17,13.16,13.15,13.14,13.13,13.12,13.11,13.1,13.09,13.21,13.22,13.24,13.27,13.29,13.3,13.32,13.33,13.34,13.35,1900,3800,6300,2700,2000,4700,2700,2700,13000,500,1900,5700,8100,3500,200,6000,500,2800,400,11000
292.0,13.18,86600,1143029.0,13.18,13.17,13.16,13.15,13.14,13.13,13.12,13.11,13.1,13.09,13.21,13.22,13.24,13.27,13.29,13.3,13.32,13.33,13.34,13.35,1900,3800,6300,2700,2000,4700,2700,2700,13000,500,2000,5700,8100,3500,200,6000,500,2800,400,11000
293.0,13.18,86900,1146983.0,13.18,13.17,13.16,13.15,13.14,13.13,13.12,13.11,13.1,13.09,13.2,13.21,13.22,13.24,13.27,13.29,13.3,13.32,13.33,13.34,1600,3800,6300,2700,2000,4700,2700,2700,13000,500,500,2000,5700,8100,3500,200,6000,500,2800,400
294.0,13.18,86900,1146983.0,13.18,13.17,13.16,13.15,13.14,13.13,13.12,13.11,13.1,13.09,13.2,13.21,13.22,13.24,13.27,13.29,13.3,13.32,13.33,13.34,1600,3800,6300,2700,2000,4700,2700,2700,13000,500,500,2000,5700,8100,3500,200,6000,500,2800,400
295.0,13.18,86900,1146983.0,13.18,13.17,13.16,13.15,13.14,13.13,13.12,13.11,13.1,13.09,13.2,13.21,13.22,13.24,13.27,13.29,13.3,13.32,13.33,13.34,1600,3800,6300,2700,2000,4700,2700,2700,13000,500,500,2000,5700,8100,3500,200,6000,500,2800,400
296.0,13.18,87000,1148301.0,13.18,13.17,13.16,13.15,13.14,13.13,13.12,13.11,13.1,13.09,13.2,13.21,13.22,13.24,13.27,13.29,13.3,13.32,13.33,13.34,1500,3800,6300,2700,2000,4700,2700,2700,13000,500,500,2000,5700,8100,3500,200,6000,500,2800,400
297.0,13.2,87100,1149621.0,13.18,13.17,13.16,13.15,13.14,13.13,13.12,13.11,13.1,13.09,13.2,13.21,13.22,13.24,13.27,13.29,13.3,13.32,13.33,13.34,1500,3800,6300,2700,2000,4700,2700,2700,13000,500,400,2000,5700,8100,3500,200,6000,500,2800,400
298.0,13.2,87100,1149621.0,13.18,13.17,13.16,13.15,13.14,13.13,13.12,13.11,13.1,13.09,13.2,13.21,13.22,13.24,13.27,13.29,13.3,13.32,13.33,13.34,1500,3800,6300,2700,2000,4700,2700,2700,13000,500,400,2000,5700,8100,3500,200,6000,500,2800,400
299.0,13.18,88400,1166755.0,13.18,13.17,13.16,13.15,13.14,13.13,13.12,13.11,13.1,13.09,13.2,13.21,13.22,13.24,13.27,13.29,13.3,13.32,13.33,13.34,200,3800,6300,2700,2000,4700,2700,2700,13000,500,400,2000,5700,8100,3500,200,6000,500,2800,400
300.0,13.18,88400,1166755.0,13.18,13.17,13.16,13.15,13.14,13.13,13.12,13.11,13.1,13.09,13.2,13.21,13.22,13.24,13.27,13.29,13.3,13.32,13.33,13.34,200,3800,6300,2700,2000,4700,2700,2700,13000,500,400,2000,5700,8100,3500,200,6000,500,2800,400
301.0,13.2,88900,1173355.0,13.2,13.18,13.17,13.16,13.15,13.14,13.13,13.12,13.11,13.1,13.21,13.22,13.24,13.27,13.29,13.3,13.32,13.33,13.34,13.35,100,200,3800,6300,2700,2000,4700,2700,2700,13000,2000,5700,8100,3500,200,6000,500,2800,400,11000
302.0,13.21,89100,1175997.0,13.2,13.18,13.17,13.16,13.15,13.14,13.13,13.12,13.11,13.1,13.21,13.22,13.24,13.27,13.29,13.3,13.32,13.33,13.34,13.35,200,200,3800,6300,2700,2000,4700,2700,2700,13000,1800,5700,8100,3500,200,6000,500,2800,400,11000
303.0,13.21,89100,1175997.0,13.2,13.18,13.17,13.16,13.15,13.14,13.13,13.12,13.11,13.1,13.21,13.22,13.24,13.27,13.29,13.3,13.32,13.33,13.34,13.35,200,200,3800,6300,2700,2000,4700,2700,2700,13000,1800,5700,8100,3500,200,6000,500,2800,400,11000
304.0,13.21,89200,1177318.0,13.2,13.18,13.17,13.16,13.15,13.14,13.13,13.12,13.11,13.1,13.21,13.22,13.24,13.27,13.29,13.3,13.32,13.33,13.34,13.35,200,200,3800,6300,2700,2000,4700,2700,2700,13000,1700,5700,8100,3500,200,6000,500,2800,400,11000
305.0,13.21,89200,1177318.0,13.2,13.18,13.17,13.16,13.15,13.14,13.13,13.12,13.11,13.1,13.21,13.22,13.24,13.27,13.29,13.3,13.32,13.33,13.34,13.35,200,200,3800,6300,2700,2000,4700,2700,2700,13000,1700,5700,8100,3500,200,6000,500,2800,400,11000
306.0,13.21,89300,1178639.0,13.2,13.18,13.17,13.16,13.15,13.14,13.13,13.12,13.11,13.1,13.21,13.22,13.24,13.27,13.29,13.3,13.32,13.33,13.34,13.35,200,200,3800,6300,2700,2000,4700,2700,2700,13000,1600,5700,8100,3500,200,6000,500,2800,400,11000
307.0,13.18,90000,1187869.0,13.17,13.16,13.15,13.14,13.13,13.12,13.11,13.1,13.09,13.07,13.18,13.21,13.22,13.24,13.27,13.29,13.3,13.32,13.33,13.34,3800,6300,2700,2000,4700,2700,2700,13000,500,300,300,1600,5700,8100,3500,200,6000,500,2800,400
308.0,13.17,90100,1189186.0,13.17,13.16,13.15,13.14,13.13,13.12,13.11,13.1,13.09,13.07,13.18,13.19,13.21,13.22,13.24,13.27,13.29,13.3,13.32,13.33,3600,6300,2700,2000,4700,2700,2700,13000,500,300,300,100,1600,5700,8100,3500,200,6000,500,2800
309.0,13.17,90800,1198405.0,13.17,13.16,13.15,13.14,13.13,13.12,13.11,13.1,13.09,13.07,13.18,13.19,13.21,13.22,13.24,13.27,13.29,13.3,13.32,13.33,2900,6300,2700,2000,4700,2700,2700,13000,500,300,300,200,1600,5700,8100,3500,200,6000,500,2800
310.0,13.17,90800,1198405.0,13.17,13.16,13.15,13.14,13.13,13.12,13.11,13.1,13.09,13.07,13.18,13.19,13.21,13.22,13.24,13.27,13.29,13.3,13.32,13.33,2900,6300,2700,2000,4700,2700,2700,13000,500,300,300,200,1600,5700,8100,3500,200,6000,500,2800
311.0,13.17,90900,1199722.0,13.17,13.16,13.15,13.14,13.13,13.12,13.11,13.1,13.09,13.07,13.18,13.19,13.21,13.22,13.24,13.27,13.29,13.3,13.32,13.33,2800,6300,2700,2000,4700,2700,2700,13000,500,300,300,200,1600,5700,8100,3500,200,6000,500,2800
312.0,13.17,90900,1199722.0,13.17,13.16,13.15,13.14,13.13,13.12,13.11,13.1,13.09,13.07,13.18,13.19,13.21,13.22,13.24,13.27,13.29,13.3,13.32,13.33,2800,6300,2700,2000,4700,2700,2700,13000,500,300,300,200,1600,5700,8100,3500,200,6000,500,2800
313.0,13.18,91200,1203676.0,13.17,13.16,13.15,13.14,13.13,13.12,13.11,13.1,13.09,13.07,13.19,13.21,13.22,13.24,13.27,13.29,13.3,13.32,13.33,13.34,2800,6300,2700,2000,4700,2700,2700,13000,500,300,1100,1600,5700,8100,3500,200,6000,500,2800,400
314.0,13.18,91200,1203676.0,13.17,13.16,13.15,13.14,13.13,13.12,13.11,13.1,13.09,13.07,13.19,13.21,13.22,13.24,13.27,13.29,13.3,13.32,13.33,13.34,2800,6300,2700,2000,4700,2700,2700,13000,500,300,1100,1600,5700,8100,3500,200,6000,500,2800,400
315.0,13.18,91200,1203676.0,13.17,13.16,13.15,13.14,13.13,13.12,13.11,13.1,13.09,13.07,13.19,13.21,13.22,13.24,13.27,13.29,13.3,13.32,13.33,13.34,2800,6300,2700,2000,4700,2700,2700,13000,500,300,1000,1600,5700,8100,3500,200,6000,500,2800,400
316.0,13.19,91800,1211590.0,13.17,13.16,13.15,13.14,13.13,13.12,13.11,13.1,13.09,13.07,13.19,13.21,13.22,13.24,13.27,13.29,13.3,13.32,13.33,13.34,2800,6300,2700,2000,4700,2700,2700,13000,500,300,400,1600,5700,8100,3500,200,6000,500,2800,400
317.0,13.19,91800,1211590.0,13.17,13.16,13.15,13.14,13.13,13.12,13.11,13.1,13.09,13.07,13.19,13.21,13.22,13.24,13.27,13.29,13.3,13.32,13.33,13.34,2800,6300,2700,2000,4700,2700,2700,13000,500,300,400,1600,5700,8100,3500,200,6000,500,2800,400
318.0,13.19,91900,1212909.0,13.17,13.16,13.15,13.14,13.13,13.12,13.11,13.1,13.09,13.07,13.19,13.21,13.22,13.24,13.27,13.29,13.3,13.32,13.33,13.34,2800,6300,2700,2000,4700,2700,2700,13000,500,300,300,1600,5700,8100,3500,200,6000,500,2800,400
319.0,13.19,91900,1212909.0,13.17,13.16,13.15,13.14,13.13,13.12,13.11,13.1,13.09,13.07,13.19,13.21,13.22,13.24,13.27,13.29,13.3,13.32,13.33,13.34,2800,6300,2700,2000,4700,2700,2700,13000,500,300,300,1600,5700,8100,3500,200,6000,500,2800,400
320.0,13.19,91900,1212909.0,13.17,13.16,13.15,13.14,13.13,13.12,13.11,13.1,13.09,13.07,13.19,13.21,13.22,13.24,13.27,13.29,13.3,13.32,13.33,13.34,2800,6300,2700,2000,4700,2700,2700,13000,500,300,500,1600,5700,8100,3500,200,6000,500,2800,400
321.0,13.17,92400,1219494.0,13.17,13.16,13.15,13.14,13.13,13.12,13.11,13.1,13.09,13.07,13.19,13.21,13.22,13.24,13.27,13.29,13.3,13.32,13.33,13.34,2300,6300,2700,2000,4700,2700,2700,13000,500,300,500,1600,5700,8100,3500,200,6000,500,2800,400
322.0,13.17,92400,1219494.0,13.17,13.16,13.15,13.14,13.13,13.12,13.11,13.1,13.09,13.07,13.19,13.21,13.22,13.24,13.27,13.29,13.3,13.32,13.33,13.34,2700,6300,2700,2000,4700,2700,2700,13000,500,300,500,1600,5700,8100,3500,200,6000,500,2800,400
323.0,13.17,92400,1219494.0,13.17,13.16,13.15,13.14,13.13,13.12,13.11,13.1,13.09,13.07,13.19,13.21,13.22,13.24,13.27,13.29,13.3,13.32,13.33,13.34,2700,6300,2700,2000,4700,2700,2700,13000,500,300,500,1600,5700,8100,3500,200,6000,500,2800,400
324.0,13.17,92400,1219494.0,13.17,13.16,13.15,13.14,13.13,13.12,13.11,13.1,13.09,13.07,13.19,13.21,13.22,13.24,13.27,13.29,13.3,13.32,13.33,13.34,2700,6300,2700,2000,4700,2700,2700,13000,500,300,500,1600,5700,8100,3500,200,6000,500,2800,400
325.0,13.17,92500,1220811.0,13.17,13.16,13.15,13.14,13.13,13.12,13.11,13.1,13.09,13.07,13.19,13.21,13.22,13.24,13.27,13.29,13.3,13.32,13.33,13.34,2600,6300,2700,2000,4700,2700,2700,13000,500,300,500,1600,5700,8100,3500,200,6000,500,2800,400
326.0,13.17,92500,1220811.0,13.17,13.16,13.15,13.14,13.13,13.12,13.11,13.1,13.09,13.07,13.19,13.21,13.22,13.24,13.27,13.29,13.3,13.32,13.33,13.34,2600,6300,2700,2000,4700,2700,2700,13000,500,300,500,1600,5700,8100,3500,200,6000,500,2800,400
327.0,13.17,92500,1220811.0,13.17,13.16,13.15,13.14,13.13,13.12,13.11,13.1,13.09,13.07,13.19,13.21,13.22,13.24,13.27,13.29,13.3,13.32,13.33,13.34,2600,6300,2700,2000,4700,2700,2700,13000,500,300,500,1600,5700,8100,3500,200,6000,500,2800,400
328.0,13.17,92600,1222128.0,13.17,13.16,13.15,13.14,13.13,13.12,13.11,13.1,13.09,13.07,13.19,13.21,13.22,13.24,13.27,13.29,13.3,13.32,13.33,13.34,2500,6300,2700,2000,4700,2700,2200,13000,500,300,500,1600,5700,8100,3500,200,6000,500,2800,400
329.0,13.17,92600,1222128.0,13.17,13.16,13.15,13.14,13.13,13.12,13.11,13.1,13.09,13.07,13.19,13.21,13.22,13.24,13.27,13.29,13.3,13.32,13.33,13.34,2500,6300,2700,2000,4700,2700,2200,13000,500,300,500,1600,5700,8100,3500,200,6000,500,2800,400
330.0,13.17,92600,1222128.0,13.17,13.16,13.15,13.14,13.13,13.12,13.11,13.1,13.09,13.07,13.19,13.21,13.22,13.24,13.27,13.29,13.3,13.32,13.33,13.34,2500,6300,2700,2000,4700,2700,2200,13000,500,300,500,1600,5700,8100,3500,200,6000,500,2800,400
331.0,13.17,92600,1222128.0,13.17,13.16,13.15,13.14,13.13,13.12,13.11,13.1,13.09,13.07,13.19,13.21,13.22,13.24,13.27,13.29,13.3,13.32,13.33,13.34,2500,6300,2700,2000,4700,2700,2200,13000,500,300,500,1600,5700,8100,3500,200,6000,500,2800,400
332.0,13.19,92700,1223447.0,13.17,13.16,13.15,13.14,13.13,13.12,13.11,13.1,13.09,13.07,13.19,13.21,13.22,13.24,13.27,13.29,13.3,13.32,13.33,13.34,2100,6300,2700,2000,4700,2700,2200,13000,500,300,400,1600,5700,8100,3500,200,6000,500,2800,400
333.0,13.19,92700,1223447.0,13.17,13.16,13.15,13.14,13.13,13.12,13.11,13.1,13.09,13.07,13.19,13.21,13.22,13.24,13.27,13.29,13.3,13.32,13.33,13.34,2100,6300,2700,2000,4700,2700,2200,13000,500,300,400,1600,5700,8100,3500,200,6000,500,2800,400
334.0,13.19,92700,1223447.0,13.17,13.16,13.15,13.14,13.13,13.12,13.11,13.1,13.09,13.07,13.19,13.21,13.22,13.24,13.27,13.29,13.3,13.32,13.33,13.34,2100,6300,2700,2000,4700,2700,2200,13000,500,300,400,1600,5700,8100,3500,200,6000,500,2800,400
335.0,13.17,93700,1236617.0,13.17,13.16,13.15,13.14,13.13,13.12,13.11,13.1,13.09,13.07,13.19,13.21,13.22,13.24,13.27,13.29,13.3,13.32,13.33,13.34,1100,6300,2700,2000,4700,2700,2200,13000,500,300,400,1600,5700,8100,3500,200,6000,500,2800,400
336.0,13.17,93700,1236617.0,13.17,13.16,13.15,13.14,13.13,13.12,13.11,13.1,13.09,13.07,13.19,13.21,13.22,13.24,13.27,13.29,13.3,13.32,13.33,13.34,1100,6300,2700,2000,4700,2700,2200,13000,500,300,400,1600,5700,8100,3500,200,6000,500,2800,400
337.0,13.17,93700,1236617.0,13.17,13.16,13.15,13.14,13.13,13.12,13.11,13.1,13.09,13.07,13.19,13.21,13.22,13.24,13.27,13.29,13.3,13.32,13.33,13.34,1100,6300,2700,2000,4700,2700,2200,13000,500,300,400,1600,5700,8100,3500,200,6000,500,2800,400
338.0,13.17,93700,1236617.0,13.17,13.16,13.15,13.14,13.13,13.12,13.11,13.1,13.09,13.07,13.19,13.21,13.22,13.24,13.27,13.29,13.3,13.32,13.33,13.34,1100,6300,2700,2000,4700,2700,2200,13000,500,300,500,1600,5700,8100,3500,200,6000,500,2800,400
339.0,13.17,94100,1241885.0,13.17,13.16,13.15,13.14,13.13,13.12,13.11,13.1,13.09,13.07,13.19,13.21,13.22,13.24,13.27,13.29,13.3,13.32,13.33,13.34,700,6300,2700,2000,4700,2700,2200,13000,500,300,500,1600,5700,8100,3500,200,6000,500,2800,400
340.0,13.17,94100,1241885.0,13.17,13.16,13.15,13.14,13.13,13.12,13.11,13.1,13.09,13.07,13.19,13.21,13.22,13.24,13.27,13.29,13.3,13.32,13.33,13.34,700,6300,2700,2000,4700,2700,2200,13000,500,300,500,1600,5700,8100,3500,200,6000,500,2800,400
341.0,13.17,95400,1259006.0,13.17,13.16,13.15,13.14,13.13,13.12,13.11,13.1,13.09,13.07,13.19,13.21,13.22,13.24,13.27,13.29,13.3,13.32,13.33,13.34,4400,6300,2700,2000,4700,2700,2200,13000,500,300,500,1600,5700,8100,3500,200,6000,500,2800,400
342.0,13.17,95400,1259006.0,13.17,13.16,13.15,13.14,13.13,13.12,13.11,13.1,13.09,13.07,13.19,13.21,13.22,13.24,13.27,13.29,13.3,13.32,13.33,13.34,4400,6300,2700,2000,4700,2700,2200,13000,500,300,500,1600,5700,8100,3500,200,6000,500,2800,400
343.0,13.17,95400,1259006.0,13.17,13.16,13.15,13.14,13.13,13.12,13.11,13.1,13.09,13.07,13.19,13.21,13.22,13.24,13.27,13.29,13.3,13.32,13.33,13.34,4600,6300,2700,2000,4700,2700,2200,13000,500,300,500,1600,5700,8100,3500,200,6000,500,2800,400
344.0,13.19,95500,1260325.0,13.18,13.17,13.16,13.15,13.14,13.13,13.12,13.11,13.1,13.09,13.19,13.21,13.22,13.24,13.27,13.29,13.3,13.32,13.33,13.34,100,4900,6300,2700,2000,4700,2700,2200,13000,500,400,1600,5700,8100,3500,200,6000,500,2800,400
345.0,13.19,95500,1260325.0,13.18,13.17,13.16,13.15,13.14,13.13,13.12,13.11,13.1,13.09,13.19,13.21,13.22,13.24,13.27,13.29,13.3,13.32,13.33,13.34,100,4900,6300,2700,2000,4700,2700,2200,13000,500,400,1600,5700,8100,3500,200,6000,500,2800,400
346.0,13.19,95500,1260325.0,13.18,13.17,13.16,13.15,13.14,13.13,13.12,13.11,13.1,13.09,13.19,13.21,13.22,13.24,13.27,13.29,13.3,13.32,13.33,13.34,100,4900,6300,2700,2000,4700,2700,2200,13000,500,400,1600,5700,8100,3500,200,6000,500,2800,400
347.0,13.19,95500,1260325.0,13.18,13.17,13.16,13.15,13.14,13.13,13.12,13.11,13.1,13.09,13.19,13.21,13.22,13.24,13.27,13.29,13.3,13.32,13.33,13.34,100,4900,6300,2700,2000,4700,2700,2200,13000,500,400,1600,5700,8100,3500,200,6000,500,2800,400
348.0,13.19,95900,1265601.0,13.18,13.17,13.16,13.15,13.14,13.13,13.12,13.11,13.1,13.09,13.21,13.22,13.24,13.27,13.29,13.3,13.32,13.33,13.34,13.35,100,4900,6300,2700,2000,4700,2700,2200,13000,500,1600,5700,8100,3500,200,6000,500,2800,400,11000
349.0,13.21,96000,1266922.0,13.18,13.17,13.16,13.15,13.14,13.13,13.12,13.11,13.1,13.09,13.21,13.22,13.24,13.27,13.29,13.3,13.32,13.33,13.34,13.35,200,4900,6300,2700,2000,4700,2700,2200,13000,500,1600,5700,8100,3500,200,6000,500,2800,400,11000
350.0,13.21,96000,1266922.0,13.18,13.17,13.16,13.15,13.14,13.13,13.12,13.11,13.1,13.09,13.21,13.22,13.24,13.27,13.29,13.3,13.32,13.33,13.34,13.35,200,4600,6300,2700,2000,4700,2700,2200,13000,500,1600,5700,8100,3500,200,6000,500,2800,400,11000
351.0,13.21,96100,1268243.0,13.18,13.17,13.16,13.15,13.14,13.13,13.12,13.11,13.1,13.09,13.21,13.22,13.24,13.27,13.29,13.3,13.32,13.33,13.34,13.35,600,4600,6300,2700,2000,4700,2700,2200,13000,500,1600,5700,8100,3500,200,6000,500,2800,400,11000
352.0,13.21,96100,1268243.0,13.18,13.17,13.16,13.15,13.14,13.13,13.12,13.11,13.1,13.09,13.21,13.22,13.24,13.27,13.29,13.3,13.32,13.33,13.34,13.35,600,4600,6300,2700,2000,4700,2700,2200,13000,500,1600,5700,8100,3500,200,6000,500,2800,400,11000
353.0,13.21,96100,1268243.0,13.18,13.17,13.16,13.15,13.14,13.13,13.12,13.11,13.1,13.09,13.21,13.22,13.24,13.27,13.29,13.3,13.32,13.33,13.34,13.35,600,4600,6300,2700,2000,4700,2700,2200,13000,500,1600,5700,8100,3500,200,6000,500,2800,400,11000
354.0,13.21,96200,1269564.0,13.18,13.17,13.16,13.15,13.14,13.13,13.12,13.11,13.1,13.09,13.21,13.22,13.24,13.27,13.29,13.3,13.32,13.33,13.34,13.35,700,4600,6300,2700,2000,4700,2700,2200,13000,500,1600,5700,8100,3500,200,6000,500,2800,400,11000
355.0,13.21,96500,1273527.0,13.18,13.17,13.16,13.15,13.14,13.13,13.12,13.11,13.1,13.09,13.21,13.22,13.24,13.27,13.29,13.3,13.32,13.33,13.34,13.35,700,4600,6300,2700,2000,4700,2700,2200,13000,500,1300,5700,8100,3500,200,6000,500,2800,400,11000
356.0,13.21,96500,1273527.0,13.18,13.17,13.16,13.15,13.14,13.13,13.12,13.11,13.1,13.09,13.21,13.22,13.24,13.27,13.29,13.3,13.32,13.33,13.34,13.35,800,4600,6300,2700,2000,4700,2700,2200,13000,500,1400,5700,8100,3500,200,6000,500,2800,400,11000
357.0,13.21,96700,1276169.0,13.18,13.17,13.16,13.15,13.14,13.13,13.12,13.11,13.1,13.09,13.21,13.22,13.24,13.27,13.29,13.3,13.32,13.33,13.34,13.35,800,4600,6300,2700,2000,4700,2700,2200,13000,500,1200,5700,8100,3500,200,6000,500,2800,400,11000
358.0,13.21,96700,1276169.0,13.18,13.17,13.16,13.15,13.14,13.13,13.12,13.11,13.1,13.09,13.21,13.22,13.24,13.27,13.29,13.3,13.32,13.33,13.34,13.35,800,4600,6300,2700,2000,4700,2700,2200,13000,500,1300,5700,8100,3500,200,6000,500,2800,400,11000
359.0,13.21,96700,1276169.0,13.18,13.17,13.16,13.15,13.14,13.13,13.12,13.11,13.1,13.09,13.21,13.22,13.24,13.27,13.29,13.3,13.32,13.33,13.34,13.35,900,4600,6300,2700,2000,4700,2700,2200,13000,500,1300,5700,8100,3500,200,6000,500,2800,400,11000
360.0,13.21,96700,1276169.0,13.18,13.17,13.16,13.15,13.14,13.13,13.12,13.11,13.1,13.09,13.21,13.22,13.24,13.27,13.29,13.3,13.32,13.33,13.34,13.35,900,4600,6300,2700,2000,4700,2700,2200,13000,500,1300,5700,8100,3500,200,6000,500,2800,400,11000
361.0,13.21,96800,1277490.0,13.18,13.17,13.16,13.15,13.14,13.13,13.12,13.11,13.1,13.09,13.21,13.22,13.24,13.27,13.29,13.3,13.32,13.33,13.34,13.35,900,4600,6300,2700,2000,4700,2700,2200,13000,500,1200,5700,8100,3500,200,6000,500,2800,400,11000
362.0,13.21,96800,1277490.0,13.18,13.17,13.16,13.15,13.14,13.13,13.12,13.11,13.1,13.09,13.21,13.22,13.24,13.27,13.29,13.3,13.32,13.33,13.34,13.35,900,4600,6300,2700,2000,4700,2700,2200,13000,500,1200,5700,8100,3500,200,6000,500,2800,400,11000
363.0,13.21,96800,1277490.0,13.18,13.17,13.16,13.15,13.14,13.13,13.12,13.11,13.1,13.09,13.21,13.22,13.24,13.27,13.29,13.3,13.32,13.33,13.34,13.35,900,4600,6300,2700,2000,4700,2700,2200,13000,500,1200,5700,8100,3500,200,6000,500,2800,400,11000
364.0,13.21,97000,1280132.0,13.18,13.17,13.16,13.15,13.14,13.13,13.12,13.11,13.1,13.09,13.21,13.22,13.24,13.27,13.29,13.3,13.32,13.33,13.34,13.35,900,4600,6300,2700,2000,4700,2700,2200,13000,500,1000,5700,8100,3500,200,6000,500,2800,400,11000
365.0,13.21,97000,1280132.0,13.18,13.17,13.16,13.15,13.14,13.13,13.12,13.11,13.1,13.09,13.21,13.22,13.24,13.27,13.29,13.3,13.32,13.33,13.34,13.35,900,4600,6300,2700,2000,4700,2700,2200,13000,500,1000,5700,8100,3500,200,6000,500,2800,400,11000
366.0,13.21,97000,1280132.0,13.18,13.17,13.16,13.15,13.14,13.13,13.12,13.11,13.1,13.09,13.21,13.22,13.24,13.27,13.29,13.3,13.32,13.33,13.34,13.35,900,4600,6300,2700,2000,4700,2700,2200,13000,500,1000,5700,8100,3500,200,6000,500,2800,400,11000
367.0,13.18,98000,1293315.0,13.17,13.16,13.15,13.14,13.13,13.12,13.11,13.1,13.09,13.07,13.19,13.21,13.22,13.24,13.27,13.29,13.3,13.32,13.33,13.34,4600,6300,2700,2000,4700,2700,2200,13000,500,200,5000,900,5700,8100,3500,200,6000,500,2800,400
368.0,13.18,98000,1293315.0,13.17,13.16,13.15,13.14,13.13,13.12,13.11,13.1,13.09,13.07,13.19,13.21,13.22,13.24,13.27,13.29,13.3,13.32,13.33,13.34,4600,6300,2700,2000,4700,2700,2200,13000,500,200,5000,900,5700,8100,3500,200,6000,500,2800,400
369.0,13.18,98000,1293315.0,13.17,13.16,13.15,13.14,13.13,13.12,13.11,13.1,13.09,13.07,13.19,13.21,13.22,13.24,13.27,13.29,13.3,13.32,13.33,13.34,4600,6300,2700,2000,4700,2700,2200,13000,500,200,5000,900,5700,8100,3500,200,6000,500,2800,400
370.0,13.18,98000,1293315.0,13.17,13.16,13.15,13.14,13.13,13.12,13.11,13.1,13.09,13.07,13.19,13.21,13.22,13.24,13.27,13.29,13.3,13.32,13.33,13.34,4600,6300,2700,2000,4700,2700,2200,13000,500,200,5000,900,5700,8100,3500,200,6000,500,2800,400
371.0,13.17,103100,1360492.0,13.16,13.15,13.14,13.13,13.12,13.11,13.1,13.09,13.07,13.05,13.17,13.18,13.19,13.21,13.22,13.24,13.27,13.29,13.3,13.32,6300,2700,2000,4700,2700,2200,13000,500,200,1300,1300,2800,4500,900,5700,8100,3500,200,6000,500
372.0,13.16,103600,1367073.0,13.16,13.15,13.14,13.13,13.12,13.11,13.1,13.09,13.07,13.05,13.17,13.18,13.19,13.21,13.22,13.24,13.27,13.29,13.3,13.32,5900,2700,2000,4700,2700,2200,13000,500,200,1300,1200,2800,4500,900,5700,8100,3500,200,6000,500
373.0,13.16,103600,1367073.0,13.16,13.15,13.14,13.13,13.12,13.11,13.1,13.09,13.07,13.05,13.17,13.18,13.19,13.21,13.22,13.24,13.27,13.29,13.3,13.32,5900,2700,2000,4700,2700,2200,13000,500,200,1300,1200,2800,4500,900,5700,8100,3500,200,6000,500
374.0,13.16,109700,1447351.0,13.15,13.14,13.13,13.12,13.11,13.1,13.09,13.07,13.05,13.01,13.16,13.17,13.18,13.19,13.21,13.22,13.24,13.27,13.29,13.3,2700,2000,4700,2700,2200,13000,500,200,1300,100,5700,1000,2800,4500,900,5700,8100,3500,200,6000
375.0,13.15,112500,1484172.0,13.14,13.13,13.12,13.11,13.1,13.09,13.07,13.05,13.01,13.0,13.15,13.16,13.17,13.18,13.19,13.21,13.22,13.24,13.27,13.29,2000,4700,2700,2200,13000,500,200,1300,100,10400,100,5600,200,2800,4500,900,5700,8100,3500,200
376.0,13.15,112500,1484172.0,13.14,13.13,13.12,13.11,13.1,13.09,13.07,13.05,13.01,13.0,13.15,13.16,13.18,13.19,13.21,13.22,13.24,13.27,13.29,13.3,2000,4700,2700,2200,13000,500,200,1300,100,10400,100,5600,2800,4500,900,5700,8100,3500,200,6000
377.0,13.15,112500,1484172.0,13.14,13.13,13.12,13.11,13.1,13.09,13.07,13.05,13.01,13.0,13.15,13.17,13.18,13.19,13.21,13.22,13.24,13.27,13.29,13.3,2000,2500,2700,2200,13000,500,200,1300,100,10400,100,200,2800,4500,900,5700,8100,3500,200,6000
378.0,13.15,112500,1484172.0,13.14,13.13,13.12,13.11,13.1,13.09,13.07,13.05,13.01,13.0,13.15,13.17,13.18,13.19,13.21,13.22,13.24,13.27,13.29,13.3,2000,2500,2700,2200,13000,500,200,1300,100,10400,100,200,2800,4500,900,5700,8100,3500,200,6000
379.0,13.15,112500,1484172.0,13.14,13.13,13.12,13.11,13.1,13.09,13.07,13.05,13.01,13.0,13.15,13.17,13.18,13.19,13.21,13.22,13.24,13.27,13.29,13.3,2000,2500,2700,2200,13000,500,200,1300,100,10400,100,200,2800,4500,900,5700,8100,3500,200,6000
380.0,13.14,112600,1485486.0,13.14,13.13,13.12,13.11,13.1,13.09,13.07,13.05,13.01,13.0,13.15,13.17,13.18,13.19,13.21,13.22,13.24,13.27,13.29,13.3,1900,2500,2700,2200,13000,500,200,1300,100,10400,100,200,2800,4500,900,5700,8100,3500,200,6000
381.0,13.15,112700,1486801.0,13.15,13.14,13.13,13.12,13.11,13.1,13.09,13.07,13.05,13.01,13.17,13.18,13.19,13.21,13.22,13.24,13.27,13.29,13.3,13.32,300,1900,2500,2700,2200,13000,500,200,1300,100,200,2800,4500,900,5700,8100,3500,200,6000,500
382.0,13.15,112700,1486801.0,13.15,13.14,13.13,13.12,13.11,13.1,13.09,13.07,13.05,13.01,13.17,13.18,13.19,13.21,13.22,13.24,13.27,13.29,13.3,13.32,300,1900,2500,2700,2200,13000,500,200,1300,100,200,2800,4500,900,5700,8100,3500,200,6000,500
383.0,13.15,112700,1486801.0,13.15,13.14,13.13,13.12,13.11,13.1,13.09,13.07,13.05,13.01,13.17,13.18,13.19,13.21,13.22,13.24,13.27,13.29,13.3,13.32,400,1900,2500,2700,2200,13000,500,200,1300,100,200,2800,4500,900,5700,8100,3500,200,6000,500
384.0,13.15,112700,1486801.0,13.15,13.14,13.13,13.12,13.11,13.1,13.09,13.07,13.05,13.01,13.17,13.18,13.19,13.21,13.22,13.24,13.27,13.29,13.3,13.32,400,1900,2500,2700,2200,13000,500,200,1300,100,200,2800,4500,900,5700,8100,3500,200,6000,500
385.0,13.15,112700,1486801.0,13.15,13.14,13.13,13.12,13.11,13.1,13.09,13.07,13.05,13.01,13.17,13.18,13.19,13.21,13.22,13.24,13.27,13.29,13.3,13.32,400,1900,2500,2700,2200,13000,500,200,1300,100,200,2800,4500,900,5700,8100,3500,200,6000,500
386.0,13.15,112700,1486801.0,13.15,13.14,13.13,13.12,13.11,13.1,13.09,13.07,13.05,13.01,13.17,13.18,13.19,13.21,13.22,13.24,13.27,13.29,13.3,13.32,400,1900,2500,2700,2200,13000,500,200,1300,100,200,2800,4500,900,5700,8100,3500,200,6000,500
387.0,13.15,112700,1486801.0,13.15,13.14,13.13,13.12,13.11,13.1,13.09,13.07,13.05,13.01,13.17,13.18,13.19,13.21,13.22,13.24,13.27,13.29,13.3,13.32,400,1900,2500,2700,2200,13000,500,200,1300,100,200,2800,4500,900,5700,8100,3500,200,6000,500
388.0,13.15,112700,1486801.0,13.15,13.14,13.13,13.12,13.11,13.1,13.09,13.07,13.05,13.01,13.17,13.18,13.19,13.21,13.22,13.24,13.27,13.29,13.3,13.32,400,1900,2500,2700,2200,13000,500,200,1300,100,200,2800,4500,900,5700,8100,3500,200,6000,500
389.0,13.15,112700,1486801.0,13.15,13.14,13.13,13.12,13.11,13.1,13.09,13.07,13.05,13.01,13.17,13.18,13.19,13.21,13.22,13.24,13.27,13.29,13.3,13.32,400,1900,2500,2700,2200,13000,500,200,1300,100,200,2800,4500,900,5700,8100,3500,200,6000,500
390.0,13.15,112700,1486801.0,13.15,13.14,13.13,13.12,13.11,13.1,13.09,13.07,13.05,13.01,13.17,13.18,13.19,13.21,13.22,13.24,13.27,13.29,13.3,13.32,400,1900,2500,2700,2200,13000,500,200,1800,100,200,2800,4500,900,5700,10100,3500,200,6000,500
391.0,13.15,112700,1486801.0,13.15,13.14,13.13,13.12,13.11,13.1,13.09,13.07,13.05,13.01,13.17,13.18,13.19,13.21,13.22,13.24,13.27,13.29,13.3,13.32,400,1900,2500,2700,2200,13000,500,200,1800,100,200,2800,4500,900,5700,10100,3500,200,6000,500
392.0,13.15,112700,1486801.0,13.15,13.14,13.13,13.12,13.11,13.1,13.09,13.07,13.05,13.01,13.17,13.18,13.19,13.21,13.22,13.24,13.27,13.29,13.3,13.32,400,1900,2500,2700,2200,13000,500,200,1800,100,200,2800,4500,900,5700,10100,3500,200,6000,500
393.0,13.15,112700,1486801.0,13.16,13.15,13.14,13.13,13.12,13.11,13.1,13.09,13.07,13.05,13.17,13.18,13.19,13.21,13.22,13.24,13.27,13.29,13.3,13.32,600,400,1900,2500,2700,2200,13000,500,200,1800,200,2800,4500,900,5700,10100,3500,200,6000,500
394.0,13.16,112800,1488117.0,13.16,13.15,13.14,13.13,13.12,13.11,13.1,13.09,13.07,13.05,13.17,13.18,13.19,13.21,13.22,13.24,13.27,13.29,13.3,13.32,500,400,1900,2500,2700,2200,13000,500,200,1800,200,2800,4500,900,5700,10100,3500,200,6000,500
395.0,13.16,113300,1494697.0,13.15,13.14,13.13,13.12,13.11,13.1,13.09,13.07,13.05,13.01,13.16,13.17,13.18,13.19,13.21,13.22,13.24,13.27,13.29,13.3,400,1900,2500,2700,2200,13000,500,200,1800,100,900,200,2800,4500,900,5700,10100,3500,200,6000
396.0,13.16,113300,1494697.0,13.15,13.14,13.13,13.12,13.11,13.1,13.09,13.07,13.05,13.01,13.16,13.17,13.18,13.19,13.21,13.22,13.24,13.27,13.29,13.3,400,1900,2500,2700,2200,13000,500,200,1800,100,900,200,2800,4500,900,5700,10100,3500,200,6000
397.0,13.15,113500,1497327.0,13.15,13.14,13.13,13.12,13.11,13.1,13.09,13.07,13.05,13.01,13.16,13.17,13.18,13.19,13.21,13.22,13.24,13.27,13.29,13.3,200,1900,2500,2700,2200,13000,500,200,1800,100,900,200,2800,4500,900,5700,10100,3500,200,6000
398.0,13.15,113700,1499957.0,13.14,13.13,13.12,13.11,13.1,13.09,13.07,13.05,13.01,13.0,13.15,13.16,13.17,13.18,13.19,13.21,13.22,13.24,13.27,13.29,1900,2500,2700,2200,13000,500,200,1800,100,10400,600,900,200,2800,4500,900,5700,10100,3500,200
399.0,13.15,113700,1499957.0,13.14,13.13,13.12,13.11,13.1,13.09,13.07,13.05,13.01,13.0,13.15,13.16,13.17,13.18,13.19,13.21,13.22,13.24,13.27,13.29,2000,2500,2700,2200,13000,500,200,1800,100,10400,600,900,200,2300,4500,900,5700,10100,3500,200
400.0,13.15,113700,1499957.0,13.14,13.13,13.12,13.11,13.1,13.09,13.07,13.05,13.01,13.0,13.15,13.16,13.17,13.18,13.19,13.21,13.22,13.24,13.27,13.29,2000,2500,2700,2200,13000,500,200,1800,100,10400,600,900,200,2300,4500,900,5700,10100,3500,200
401.0,13.14,114000,1503900.0,13.14,13.13,13.12,13.11,13.1,13.09,13.07,13.05,13.01,13.0,13.15,13.17,13.18,13.19,13.21,13.22,13.24,13.27,13.29,13.3,1800,2500,2700,2200,13000,500,200,1800,100,10400,500,200,2300,4500,900,5700,10100,3500,200,6000
402.0,13.14,114000,1503900.0,13.14,13.13,13.12,13.11,13.1,13.09,13.07,13.05,13.01,13.0,13.15,13.17,13.18,13.19,13.21,13.22,13.24,13.27,13.29,13.3,1800,2500,2700,2200,13000,500,200,1800,100,10400,500,200,2300,4500,900,5700,10100,3500,200,6000
403.0,13.15,114100,1505215.0,13.14,13.13,13.12,13.11,13.1,13.09,13.07,13.05,13.01,13.0,13.15,13.17,13.18,13.19,13.21,13.22,13.24,13.27,13.29,13.3,1800,2500,2700,2200,13000,500,200,1800,100,10400,400,200,2300,4500,900,5700,10100,3500,200,6000
404.0,13.14,114200,1506529.0,13.14,13.13,13.12,13.11,13.1,13.09,13.07,13.05,13.01,13.0,13.15,13.17,13.18,13.19,13.21,13.22,13.24,13.27,13.29,13.3,1700,2500,2700,2200,13000,500,200,1800,100,10900,400,200,2300,4500,900,5700,10100,3500,200,6000
405.0,13.15,114500,1510474.0,13.14,13.13,13.12,13.11,13.1,13.09,13.07,13.05,13.01,13.0,13.15,13.17,13.18,13.19,13.21,13.22,13.24,13.27,13.29,13.3,1700,2500,2700,2200,13000,500,200,1800,100,10900,100,200,2300,4500,900,5700,10100,3500,200,6000
406.0,13.15,114600,1511789.0,13.15,13.14,13.13,13.12,13.11,13.1,13.09,13.07,13.05,13.01,13.17,13.18,13.19,13.21,13.22,13.24,13.27,13.29,13.3,13.32,700,1700,2500,2700,2200,13000,500,200,1800,100,200,2300,4500,900,5700,10100,3500,200,6000,500
407.0,13.15,114600,1511789.0,13.15,13.14,13.13,13.12,13.11,13.1,13.09,13.07,13.05,13.01,13.17,13.18,13.19,13.21,13.22,13.24,13.27,13.29,13.3,13.32,700,1700,2500,2700,2200,13000,500,200,1800,100,200,2300,4500,900,5700,10100,3500,200,6000,500
408.0,13.15,114600,1511789.0,13.15,13.14,13.13,13.12,13.11,13.1,13.09,13.07,13.05,13.01,13.17,13.18,13.19,13.21,13.22,13.24,13.27,13.29,13.3,13.32,700,1700,2500,2700,2200,13000,500,200,1800,100,200,2300,4500,900,5700,10100,3500,200,6000,500
409.0,13.15,114600,1511789.0,13.15,13.14,13.13,13.12,13.11,13.1,13.09,13.07,13.05,13.01,13.17,13.18,13.19,13.21,13.22,13.24,13.27,13.29,13.3,13.32,700,1700,2500,2700,2200,13000,500,200,1800,100,200,2300,4500,900,5700,10100,3500,200,6000,500
410.0,13.15,114600,1511789.0,13.15,13.14,13.13,13.12,13.11,13.1,13.09,13.07,13.05,13.01,13.17,13.18,13.19,13.21,13.22,13.24,13.27,13.29,13.3,13.32,700,1700,2500,2700,2200,13000,500,200,1800,100,200,2300,4500,900,5700,10100,3500,200,6000,500
411.0,13.15,114600,1511789.0,13.15,13.14,13.13,13.12,13.11,13.1,13.09,13.07,13.05,13.01,13.17,13.18,13.19,13.21,13.22,13.24,13.27,13.29,13.3,13.32,700,1700,2500,2700,2200,13000,500,200,1800,100,200,2300,4500,900,5700,10100,3500,200,6000,500
412.0,13.15,114600,1511789.0,13.15,13.14,13.13,13.12,13.11,13.1,13.09,13.07,13.05,13.01,13.17,13.18,13.19,13.21,13.22,13.24,13.27,13.29,13.3,13.32,700,1700,2500,2700,2200,13000,500,200,1800,100,200,2300,4500,900,5700,10100,3500,200,6000,500
413.0,13.15,114600,1511789.0,13.15,13.14,13.13,13.12,13.11,13.1,13.09,13.07,13.05,13.01,13.17,13.18,13.19,13.21,13.22,13.24,13.27,13.29,13.3,13.32,700,1700,2500,2700,2200,13000,500,200,1800,100,200,2300,4500,900,5700,10100,3500,200,6000,500
414.0,13.15,114600,1511789.0,13.15,13.14,13.13,13.12,13.11,13.1,13.09,13.07,13.05,13.01,13.17,13.18,13.19,13.21,13.22,13.24,13.27,13.29,13.3,13.32,700,1700,2500,2700,2200,13000,500,200,1800,100,200,2300,4500,900,5700,10100,3500,200,6000,500
